Time,Price,Volume,Amount,OpenInt,TotalVol,TotalAmount,Price2,Price3,LastClose,Open,High,Low,SP1,SP2,SP3,SP4,SP5,SV1,SV2,SV3,SV4,SV5,BP1,BP2,BP3,BP4,BP5,BV1,BV2,BV3,BV4,BV5,isBuy
2017-01-03 08:59:00,4180,2,83600.00,22028,2,83600.000,4180,4206,4190,4180,4180,4180,4180,4200,4209,4216,4220,2,3,1,1,16,4171,4170,4160,4158,4150,2,1,15,1,11,1
2017-01-03 09:00:00,4180,2,83600.00,22028,4,167200.000,4180,4206,4190,4180,4180,4180,4180,4189,4191,4200,4209,1,3,1,3,1,4176,4175,4172,4171,4170,4,5,4,4,1,1
2017-01-03 09:00:00,4180,2,83600.00,22028,6,250800.000,4180,4206,4190,4180,4180,4180,4189,4200,4206,4209,4216,3,3,2,1,1,4176,4172,4171,4170,4163,4,4,4,1,2,0
2017-01-03 09:00:01,4180,0,0.00,22028,6,250800.000,4180,4206,4190,4180,4180,4180,4189,4200,4206,4209,4216,3,3,2,1,1,4176,4172,4171,4170,4163,5,4,4,1,2,0
2017-01-03 09:00:02,4180,0,0.00,22028,6,250800.000,4180,4206,4190,4180,4180,4180,4189,4200,4205,4206,4209,3,3,1,2,1,4180,4176,4172,4171,4170,2,5,4,4,1,0
2017-01-03 09:00:02,4180,0,0.00,22028,6,250800.000,4180,4206,4190,4180,4180,4180,4189,4200,4205,4206,4209,3,3,1,2,1,4180,4176,4172,4171,4170,4,5,4,4,1,0
2017-01-03 09:00:03,4180,0,0.00,22028,6,250800.000,4180,4206,4190,4180,4180,4180,4189,4200,4205,4206,4209,3,3,1,2,1,4180,4179,4176,4172,4171,3,1,5,4,4,0
2017-01-03 09:00:05,4180,0,0.00,22028,6,250800.000,4180,4206,4190,4180,4180,4180,4189,4199,4200,4206,4209,3,2,3,1,1,4180,4176,4172,4171,4170,4,5,4,4,1,0
2017-01-03 09:00:05,4180,0,0.00,22028,6,250800.000,4180,4206,4190,4180,4180,4180,4189,4199,4200,4205,4209,3,2,3,1,1,4180,4179,4176,4172,4171,3,1,5,4,4,0
2017-01-03 09:00:08,4180,0,0.00,22028,6,250800.000,4180,4206,4190,4180,4180,4180,4189,4199,4200,4205,4209,3,2,3,1,1,4180,4176,4172,4171,4170,4,5,4,4,1,0
2017-01-03 09:00:08,4180,0,0.00,22028,6,250800.000,4180,4206,4190,4180,4180,4180,4189,4199,4200,4205,4209,3,2,3,1,1,4180,4176,4172,4171,4170,5,5,4,4,1,0
2017-01-03 09:00:09,4180,0,0.00,22028,6,250800.000,4180,4206,4190,4180,4180,4180,4189,4199,4200,4205,4209,3,2,3,1,1,4180,4176,4172,4171,4170,6,5,4,4,1,0
2017-01-03 09:00:09,4180,0,0.00,22028,6,250800.000,4180,4206,4190,4180,4180,4180,4189,4199,4200,4206,4209,3,2,3,1,1,4180,4176,4172,4171,4170,5,5,4,4,1,0
2017-01-03 09:00:10,4180,0,0.00,22028,6,250800.000,4180,4206,4190,4180,4180,4180,4189,4199,4200,4206,4209,3,2,3,1,1,4180,4176,4172,4171,4170,2,5,4,4,1,0
2017-01-03 09:00:11,4180,2,83600.00,22026,8,334400.000,4180,4206,4190,4180,4180,4180,4189,4199,4200,4206,4209,3,2,3,1,1,4180,4177,4176,4172,4171,1,3,5,4,4,0
2017-01-03 09:00:12,4180,2,83600.00,22028,10,418000.000,4180,4206,4190,4180,4180,4180,4189,4195,4199,4200,4207,3,1,3,3,1,4176,4172,4171,4170,4166,8,4,4,1,2,0
2017-01-03 09:00:12,4180,0,0.00,22028,10,418000.000,4180,4206,4190,4180,4180,4180,4189,4195,4199,4200,4207,3,1,3,3,1,4176,4172,4171,4170,4166,5,4,4,1,2,0
2017-01-03 09:00:12,4180,0,0.00,22028,10,418000.000,4180,4206,4190,4180,4180,4180,4189,4195,4199,4200,4207,3,1,3,3,1,4176,4172,4171,4170,4166,6,4,4,1,2,0
2017-01-03 09:00:12,4180,0,0.00,22028,10,418000.000,4180,4206,4190,4180,4180,4180,4189,4195,4199,4200,4207,3,1,3,3,1,4176,4172,4171,4170,4166,5,4,4,1,2,0
2017-01-03 09:00:16,4180,2,83600.00,22026,12,501600.000,4180,4206,4190,4180,4180,4180,4189,4195,4199,4200,4206,3,1,3,3,1,4176,4172,4171,4170,4166,5,4,4,1,1,0
2017-01-03 09:00:30,4180,0,0.00,22026,12,501600.000,4180,4206,4190,4180,4180,4180,4189,4195,4199,4200,4208,3,1,3,3,1,4177,4176,4172,4171,4170,2,5,4,3,1,0
2017-01-03 09:00:34,4180,0,0.00,22026,12,501600.000,4180,4206,4190,4180,4180,4180,4189,4195,4199,4200,4207,3,1,3,3,1,4177,4176,4172,4171,4170,12,5,4,3,1,0
2017-01-03 09:00:34,4180,0,0.00,22026,12,501600.000,4180,4206,4190,4180,4180,4180,4189,4195,4199,4200,4207,3,1,3,3,1,4180,4177,4176,4172,4171,1,12,5,4,3,0
2017-01-03 09:00:37,4180,0,0.00,22026,12,501600.000,4180,4206,4190,4180,4180,4180,4189,4193,4195,4199,4200,3,3,1,3,3,4180,4177,4176,4172,4171,4,10,5,4,3,0
2017-01-03 09:00:38,4180,0,0.00,22026,12,501600.000,4180,4206,4190,4180,4180,4180,4189,4193,4195,4199,4200,5,3,1,3,3,4180,4177,4176,4172,4171,4,10,5,4,3,0
2017-01-03 09:00:38,4180,0,0.00,22026,12,501600.000,4180,4206,4190,4180,4180,4180,4189,4193,4195,4199,4200,3,3,1,3,3,4180,4177,4176,4172,4171,4,10,5,4,3,0
2017-01-03 09:00:39,4180,0,0.00,22026,12,501600.000,4180,4206,4190,4180,4180,4180,4189,4193,4195,4199,4200,5,3,1,3,3,4181,4180,4177,4176,4172,3,4,10,5,4,0
2017-01-03 09:00:42,4180,0,0.00,22026,12,501600.000,4180,4206,4190,4180,4180,4180,4189,4193,4195,4199,4200,5,3,1,3,3,4181,4180,4177,4176,4172,1,4,10,5,4,0
2017-01-03 09:00:43,4181,2,83620.00,22024,14,585220.000,4180,4206,4190,4180,4181,4180,4189,4193,4195,4199,4200,3,3,1,3,3,4181,4180,4177,4176,4172,1,4,10,5,4,1
2017-01-03 09:00:43,4181,0,0.00,22024,14,585220.000,4180,4206,4190,4180,4181,4180,4189,4193,4195,4199,4200,4,3,1,3,3,4181,4180,4177,4176,4172,1,4,10,5,4,0
2017-01-03 09:00:44,4181,0,0.00,22024,14,585220.000,4180,4206,4190,4180,4181,4180,4189,4193,4195,4199,4200,3,3,1,3,3,4181,4180,4177,4176,4172,1,4,10,3,4,0
2017-01-03 09:00:45,4181,0,0.00,22024,14,585220.000,4180,4206,4190,4180,4181,4180,4189,4193,4195,4199,4200,4,3,1,3,3,4181,4180,4177,4176,4172,1,4,10,3,4,0
2017-01-03 09:00:46,4181,0,0.00,22024,14,585220.000,4180,4206,4190,4180,4181,4180,4189,4190,4193,4195,4199,3,1,3,1,3,4181,4180,4177,4176,4172,1,4,10,3,4,0
2017-01-03 09:00:46,4189,4,167560.00,22020,18,752780.000,4182,4206,4190,4180,4189,4180,4193,4195,4199,4200,4208,3,1,6,3,1,4181,4180,4177,4176,4172,1,4,10,3,4,1
2017-01-03 09:00:48,4186,2,83720.00,22018,20,836500.000,4182,4206,4190,4180,4189,4180,4193,4195,4199,4200,4204,3,1,4,3,2,4181,4180,4177,4176,4172,1,4,10,3,4,0
2017-01-03 09:00:49,4186,4,167440.00,22016,24,1003940.000,4183,4206,4190,4180,4189,4180,4193,4195,4199,4200,4204,3,1,4,3,2,4181,4180,4177,4176,4172,1,4,10,3,4,0
2017-01-03 09:00:59,4186,0,0.00,22016,24,1003940.000,4183,4206,4190,4180,4189,4180,4193,4195,4199,4200,4204,3,1,4,3,2,4187,4185,4181,4180,4176,2,6,1,4,3,0
2017-01-03 09:01:00,4186,0,0.00,22016,24,1003940.000,4183,4206,4190,4180,4189,4180,4193,4195,4199,4200,4203,3,1,4,3,3,4187,4186,4181,4180,4176,5,6,1,4,3,0
2017-01-03 09:01:02,4186,0,0.00,22016,24,1003940.000,4183,4206,4190,4180,4189,4180,4193,4195,4199,4200,4203,3,1,4,3,3,4187,4182,4181,4180,4176,8,1,1,4,3,0
2017-01-03 09:01:02,4186,0,0.00,22016,24,1003940.000,4183,4206,4190,4180,4189,4180,4193,4195,4199,4200,4203,3,1,4,3,3,4187,4182,4181,4180,4176,10,1,1,4,3,0
2017-01-03 09:01:03,4186,0,0.00,22016,24,1003940.000,4183,4206,4190,4180,4189,4180,4193,4195,4199,4200,4203,3,1,4,3,3,4187,4182,4181,4180,4176,9,1,1,4,3,0
2017-01-03 09:01:03,4186,0,0.00,22016,24,1003940.000,4183,4206,4190,4180,4189,4180,4193,4195,4199,4200,4203,3,1,4,3,3,4187,4186,4182,4181,4180,5,7,1,1,4,0
2017-01-03 09:01:04,4186,0,0.00,22016,24,1003940.000,4183,4206,4190,4180,4189,4180,4193,4195,4199,4200,4203,3,1,4,3,3,4187,4181,4180,4176,4172,8,1,4,3,4,0
2017-01-03 09:01:04,4193,20,838460.00,22008,44,1842400.000,4187,4206,4190,4180,4193,4180,4195,4199,4200,4203,4204,1,4,3,3,2,4188,4187,4181,4180,4176,1,10,1,4,3,1
2017-01-03 09:01:08,4193,0,0.00,22008,44,1842400.000,4187,4206,4190,4180,4193,4180,4195,4199,4200,4203,4204,1,3,3,3,2,4189,4188,4187,4181,4180,1,1,5,1,4,0
2017-01-03 09:01:08,4195,8,335520.00,22014,52,2177920.000,4188,4206,4190,4180,4195,4180,4199,4200,4203,4204,4214,3,3,3,2,1,4195,4191,4189,4188,4187,4,1,1,1,5,1
2017-01-03 09:01:08,4195,0,0.00,22014,52,2177920.000,4188,4206,4190,4180,4195,4180,4199,4200,4203,4204,4214,3,3,3,2,1,4195,4192,4189,4187,4181,7,2,1,5,1,0
2017-01-03 09:01:09,4195,2,83900.00,22016,54,2261820.000,4188,4206,4190,4180,4195,4180,4199,4200,4203,4214,4216,5,3,3,1,1,4195,4194,4189,4187,4181,6,3,1,5,1,0
2017-01-03 09:01:09,4195,0,0.00,22016,54,2261820.000,4188,4206,4190,4180,4195,4180,4199,4200,4203,4211,4214,8,3,3,2,1,4195,4194,4189,4187,4181,6,3,1,5,1,0
2017-01-03 09:01:10,4195,0,0.00,22016,54,2261820.000,4188,4206,4190,4180,4195,4180,4199,4200,4203,4211,4215,7,3,3,2,1,4195,4194,4189,4187,4186,6,3,1,5,10,0
2017-01-03 09:01:11,4195,0,0.00,22016,54,2261820.000,4188,4206,4190,4180,4195,4180,4199,4200,4203,4211,4215,8,3,3,2,1,4195,4194,4189,4187,4186,6,3,1,5,10,0
2017-01-03 09:01:11,4195,0,0.00,22016,54,2261820.000,4188,4206,4190,4180,4195,4180,4199,4200,4203,4209,4211,3,3,3,3,2,4195,4194,4189,4187,4186,6,3,1,5,10,0
2017-01-03 09:01:18,4195,8,335600.00,22020,62,2597420.000,4189,4206,4190,4180,4195,4180,4199,4200,4203,4209,4211,3,3,3,3,2,4195,4191,4188,4187,4186,2,4,1,5,10,0
2017-01-03 09:01:19,4195,2,83900.00,22018,64,2681320.000,4189,4206,4190,4180,4195,4180,4199,4200,4203,4209,4211,3,3,3,3,2,4195,4191,4190,4188,4187,1,3,3,1,5,0
2017-01-03 09:01:20,4195,2,83900.00,22018,66,2765220.000,4189,4206,4190,4180,4195,4180,4199,4200,4203,4209,4211,3,3,3,3,2,4191,4188,4187,4181,4180,3,1,5,1,4,0
2017-01-03 09:01:20,4195,0,0.00,22018,66,2765220.000,4189,4206,4190,4180,4195,4180,4198,4199,4200,4203,4209,2,3,3,3,3,4191,4188,4187,4181,4180,3,1,4,1,4,0
2017-01-03 09:01:21,4195,0,0.00,22018,66,2765220.000,4189,4206,4190,4180,4195,4180,4199,4200,4203,4209,4211,3,3,3,3,2,4192,4191,4188,4187,4181,1,3,1,4,1,0
2017-01-03 09:01:21,4195,0,0.00,22018,66,2765220.000,4189,4206,4190,4180,4195,4180,4199,4200,4203,4209,4211,5,3,3,3,2,4192,4191,4189,4188,4187,1,3,1,1,4,0
2017-01-03 09:01:22,4195,0,0.00,22018,66,2765220.000,4189,4206,4190,4180,4195,4180,4199,4200,4201,4203,4209,3,3,2,3,3,4192,4191,4190,4189,4188,1,3,1,1,1,0
2017-01-03 09:01:25,4199,2,83980.00,22016,68,2849200.000,4190,4206,4190,4180,4199,4180,4199,4200,4202,4203,4209,2,3,2,3,3,4193,4192,4191,4190,4189,1,1,3,1,1,1
2017-01-03 09:01:26,4199,0,0.00,22016,68,2849200.000,4190,4206,4190,4180,4199,4180,4199,4200,4201,4203,4209,2,3,5,3,3,4194,4193,4192,4191,4190,1,1,1,3,1,1
2017-01-03 09:01:30,4199,0,0.00,22016,68,2849200.000,4190,4206,4190,4180,4199,4180,4199,4200,4203,4209,4211,3,3,3,3,2,4194,4193,4192,4191,4190,1,1,1,3,1,1
2017-01-03 09:01:30,4199,0,0.00,22016,68,2849200.000,4190,4206,4190,4180,4199,4180,4199,4200,4203,4209,4211,4,3,3,3,2,4194,4193,4192,4191,4190,1,1,1,3,1,1
2017-01-03 09:01:30,4199,0,0.00,22016,68,2849200.000,4190,4206,4190,4180,4199,4180,4199,4200,4203,4209,4211,5,3,3,3,2,4194,4193,4192,4191,4190,1,1,1,3,1,1
2017-01-03 09:01:31,4199,0,0.00,22016,68,2849200.000,4190,4206,4190,4180,4199,4180,4199,4200,4203,4209,4211,3,3,3,3,2,4194,4193,4192,4191,4190,1,1,1,3,1,1
2017-01-03 09:01:32,4199,0,0.00,22016,68,2849200.000,4190,4206,4190,4180,4199,4180,4199,4200,4203,4209,4211,5,3,3,3,2,4194,4193,4192,4191,4190,1,1,1,3,1,1
2017-01-03 09:01:32,4199,0,0.00,22016,68,2849200.000,4190,4206,4190,4180,4199,4180,4199,4200,4203,4209,4211,3,5,3,3,2,4194,4193,4192,4191,4190,1,1,1,3,1,1
2017-01-03 09:01:32,4199,2,83980.00,22014,70,2933180.000,4190,4206,4190,4180,4199,4180,4199,4200,4201,4203,4209,2,3,2,3,3,4194,4193,4192,4191,4190,1,1,1,3,1,1
2017-01-03 09:01:33,4199,0,0.00,22014,70,2933180.000,4190,4206,4190,4180,4199,4180,4199,4200,4203,4209,4211,4,3,3,3,2,4194,4193,4192,4191,4190,1,1,1,3,2,1
2017-01-03 09:01:33,4199,0,0.00,22014,70,2933180.000,4190,4206,4190,4180,4199,4180,4199,4200,4203,4209,4211,2,6,3,3,2,4194,4193,4192,4191,4190,1,1,1,3,2,1
2017-01-03 09:01:34,4199,0,0.00,22014,70,2933180.000,4190,4206,4190,4180,4199,4180,4199,4200,4203,4209,4211,5,3,3,3,2,4194,4193,4192,4191,4190,1,1,1,3,2,1
2017-01-03 09:01:34,4199,0,0.00,22014,70,2933180.000,4190,4206,4190,4180,4199,4180,4199,4200,4203,4209,4211,2,6,3,3,2,4194,4193,4192,4191,4190,1,1,1,3,2,1
2017-01-03 09:01:38,4199,0,0.00,22014,70,2933180.000,4190,4206,4190,4180,4199,4180,4199,4200,4201,4203,4209,2,3,3,3,3,4195,4194,4193,4192,4191,1,2,1,1,3,1
2017-01-03 09:01:38,4199,0,0.00,22014,70,2933180.000,4190,4206,4190,4180,4199,4180,4199,4200,4201,4203,4209,2,3,3,3,3,4195,4194,4193,4192,4191,2,2,1,1,3,1
2017-01-03 09:01:39,4199,4,167960.00,22014,74,3101140.000,4190,4206,4190,4180,4199,4180,4200,4203,4209,4213,4214,6,3,3,1,1,4195,4194,4193,4192,4191,2,2,1,1,3,0
2017-01-03 09:01:41,4199,0,0.00,22014,74,3101140.000,4190,4206,4190,4180,4199,4180,4200,4203,4209,4213,4214,3,3,3,1,1,4195,4194,4193,4192,4191,2,2,1,1,3,0
2017-01-03 09:01:42,4199,0,0.00,22014,74,3101140.000,4190,4206,4190,4180,4199,4180,4200,4203,4209,4213,4214,6,3,3,1,1,4195,4194,4193,4192,4191,2,2,1,1,3,0
2017-01-03 09:01:44,4199,0,0.00,22014,74,3101140.000,4190,4206,4190,4180,4199,4180,4200,4201,4203,4209,4213,3,3,3,3,1,4195,4194,4193,4192,4191,2,2,1,1,3,0
2017-01-03 09:01:45,4199,0,0.00,22014,74,3101140.000,4190,4206,4190,4180,4199,4180,4200,4203,4209,4213,4215,5,3,3,1,1,4195,4194,4193,4192,4191,2,2,1,1,3,0
2017-01-03 09:01:45,4199,0,0.00,22014,74,3101140.000,4190,4206,4190,4180,4199,4180,4200,4201,4203,4209,4213,3,3,3,3,1,4195,4194,4193,4192,4191,2,2,1,1,3,0
2017-01-03 09:01:45,4199,0,0.00,22014,74,3101140.000,4190,4206,4190,4180,4199,4180,4200,4203,4209,4213,4215,5,3,3,1,1,4195,4194,4193,4192,4191,2,2,1,1,3,0
2017-01-03 09:01:46,4199,0,0.00,22014,74,3101140.000,4190,4206,4190,4180,4199,4180,4200,4203,4209,4213,4215,4,3,3,1,1,4195,4194,4193,4192,4191,2,2,1,1,3,0
2017-01-03 09:01:46,4199,0,0.00,22014,74,3101140.000,4190,4206,4190,4180,4199,4180,4200,4201,4203,4209,4213,3,3,3,3,1,4195,4194,4193,4192,4191,2,2,1,1,3,0
2017-01-03 09:01:46,4199,0,0.00,22014,74,3101140.000,4190,4206,4190,4180,4199,4180,4200,4203,4209,4213,4215,5,3,3,1,1,4195,4194,4193,4192,4191,2,2,1,1,3,0
2017-01-03 09:01:47,4199,0,0.00,22014,74,3101140.000,4190,4206,4190,4180,4199,4180,4200,4201,4203,4209,4213,3,3,3,3,1,4195,4194,4193,4192,4191,2,2,1,1,3,0
2017-01-03 09:01:47,4199,0,0.00,22014,74,3101140.000,4190,4206,4190,4180,4199,4180,4200,4203,4209,4213,4215,4,3,3,1,1,4195,4194,4193,4192,4191,2,2,1,1,3,0
2017-01-03 09:01:49,4199,0,0.00,22014,74,3101140.000,4190,4206,4190,4180,4199,4180,4200,4203,4209,4213,4215,9,3,3,1,1,4195,4194,4193,4192,4191,2,2,1,1,3,0
2017-01-03 09:01:50,4199,0,0.00,22014,74,3101140.000,4190,4206,4190,4180,4199,4180,4200,4201,4203,4209,4213,3,6,3,3,1,4195,4194,4193,4192,4191,2,2,1,1,3,0
2017-01-03 09:01:50,4199,0,0.00,22014,74,3101140.000,4190,4206,4190,4180,4199,4180,4200,4203,4209,4213,4215,9,3,3,1,1,4195,4194,4193,4192,4191,2,1,1,1,3,0
2017-01-03 09:01:51,4199,0,0.00,22014,74,3101140.000,4190,4206,4190,4180,4199,4180,4200,4203,4209,4213,4215,7,3,3,1,1,4195,4194,4193,4192,4191,2,1,1,1,3,0
2017-01-03 09:01:51,4199,0,0.00,22014,74,3101140.000,4190,4206,4190,4180,4199,4180,4200,4203,4209,4213,4215,9,3,3,1,1,4195,4194,4193,4192,4191,2,1,1,1,3,0
2017-01-03 09:01:52,4199,0,0.00,22014,74,3101140.000,4190,4206,4190,4180,4199,4180,4200,4201,4203,4209,4213,3,6,3,3,1,4195,4194,4193,4192,4191,2,1,1,1,3,0
2017-01-03 09:01:53,4199,0,0.00,22014,74,3101140.000,4190,4206,4190,4180,4199,4180,4200,4203,4209,4213,4216,4,3,3,1,4,4195,4194,4193,4192,4191,2,1,1,1,3,0
2017-01-03 09:01:53,4199,0,0.00,22014,74,3101140.000,4190,4206,4190,4180,4199,4180,4200,4201,4203,4209,4213,3,6,3,3,1,4195,4194,4193,4192,4191,2,1,1,1,3,0
2017-01-03 09:01:54,4200,6,252000.00,22016,80,3353140.000,4191,4206,4190,4180,4200,4180,4203,4209,4213,4216,4243,3,3,1,4,5,4195,4194,4193,4192,4191,2,1,1,1,3,1
2017-01-03 09:01:55,4200,0,0.00,22016,80,3353140.000,4191,4206,4190,4180,4200,4180,4203,4209,4213,4216,4243,3,3,1,4,5,4195,4194,4193,4192,4191,5,1,1,1,3,0
2017-01-03 09:01:56,4200,0,0.00,22016,80,3353140.000,4191,4206,4190,4180,4200,4180,4203,4209,4213,4216,4243,10,3,1,4,5,4195,4194,4193,4192,4191,5,1,1,1,3,0
2017-01-03 09:01:57,4200,0,0.00,22016,80,3353140.000,4191,4206,4190,4180,4200,4180,4203,4209,4213,4216,4217,3,3,1,3,1,4195,4194,4193,4192,4191,5,1,1,1,3,0
2017-01-03 09:02:00,4200,0,0.00,22016,80,3353140.000,4191,4206,4190,4180,4200,4180,4203,4209,4213,4216,4217,10,3,1,3,1,4195,4194,4193,4192,4191,5,1,1,1,3,0
2017-01-03 09:02:01,4200,0,0.00,22016,80,3353140.000,4191,4206,4190,4180,4200,4180,4203,4204,4205,4206,4209,10,1,1,1,3,4196,4195,4194,4193,4192,1,5,1,1,1,0
2017-01-03 09:02:01,4200,0,0.00,22016,80,3353140.000,4191,4206,4190,4180,4200,4180,4203,4204,4205,4206,4209,10,1,1,1,3,4197,4196,4195,4194,4193,1,1,5,1,1,0
2017-01-03 09:02:02,4200,0,0.00,22016,80,3353140.000,4191,4206,4190,4180,4200,4180,4203,4204,4205,4206,4209,3,4,1,1,3,4197,4196,4195,4194,4193,1,1,5,1,1,0
2017-01-03 09:02:05,4203,6,252180.00,22010,86,3605320.000,4192,4206,4190,4180,4203,4180,4204,4205,4206,4209,4213,1,1,7,3,4,4197,4196,4195,4194,4193,1,1,5,1,1,1
2017-01-03 09:02:11,4204,2,84080.00,22008,88,3689400.000,4192,4206,4190,4180,4204,4180,4206,4207,4209,4213,4216,2,1,3,4,1,4204,4203,4202,4201,4200,2,5,1,1,1,1
2017-01-03 09:02:11,4204,0,0.00,22008,88,3689400.000,4192,4206,4190,4180,4204,4180,4206,4207,4209,4213,4216,1,2,3,4,1,4204,4203,4202,4201,4200,4,3,1,1,1,0
2017-01-03 09:02:11,4204,0,0.00,22008,88,3689400.000,4192,4206,4190,4180,4204,4180,4207,4208,4209,4213,4216,1,2,3,4,1,4204,4203,4202,4201,4200,4,3,1,1,1,0
2017-01-03 09:02:11,4204,0,0.00,22008,88,3689400.000,4192,4206,4190,4180,4204,4180,4207,4208,4209,4213,4216,2,1,3,4,1,4204,4203,4202,4201,4200,4,3,1,1,1,0
2017-01-03 09:02:12,4204,0,0.00,22008,88,3689400.000,4192,4206,4190,4180,4204,4180,4207,4208,4209,4213,4216,2,1,3,4,1,4204,4203,4202,4201,4200,8,3,1,1,1,0
2017-01-03 09:02:16,4207,4,168260.00,22012,92,3857660.000,4193,4206,4190,4180,4207,4180,4209,4210,4213,4216,4217,3,1,4,1,3,4204,4203,4202,4201,4200,2,3,7,1,1,1
2017-01-03 09:02:16,4207,4,168280.00,22012,96,4025940.000,4193,4206,4190,4180,4207,4180,4209,4210,4213,4216,4217,3,1,4,1,3,4204,4203,4202,4201,4200,2,4,1,1,1,0
2017-01-03 09:02:16,4207,0,0.00,22012,96,4025940.000,4193,4206,4190,4180,4207,4180,4209,4210,4213,4216,4217,3,1,4,1,3,4203,4202,4201,4200,4196,3,1,8,1,1,0
2017-01-03 09:02:17,4203,2,84060.00,22014,98,4110000.000,4193,4206,4190,4180,4207,4180,4209,4210,4213,4216,4217,3,1,4,11,3,4203,4202,4201,4200,4199,2,1,1,8,3,0
2017-01-03 09:02:20,4203,0,0.00,22014,98,4110000.000,4193,4206,4190,4180,4207,4180,4208,4209,4210,4213,4216,1,3,1,4,11,4203,4202,4201,4200,4199,2,1,1,8,3,0
2017-01-03 09:02:21,4203,4,168120.00,22012,102,4278120.000,4194,4206,4190,4180,4207,4180,4208,4209,4210,4213,4216,1,3,1,4,11,4202,4201,4200,4199,4196,1,1,1,10,1,0
2017-01-03 09:02:22,4203,0,0.00,22012,102,4278120.000,4194,4206,4190,4180,4207,4180,4208,4209,4210,4213,4216,1,3,1,4,11,4203,4202,4201,4200,4199,2,7,1,1,3,0
2017-01-03 09:02:25,4206,2,84120.00,22012,104,4362240.000,4194,4206,4190,4180,4207,4180,4208,4209,4210,4213,4216,1,3,1,3,11,4203,4202,4201,4200,4199,2,4,1,1,3,1
2017-01-03 09:02:26,4206,0,0.00,22012,104,4362240.000,4194,4206,4190,4180,4207,4180,4208,4209,4210,4213,4216,1,3,1,3,11,4203,4202,4201,4200,4199,1,5,1,1,3,0
2017-01-03 09:02:26,4206,0,0.00,22012,104,4362240.000,4194,4206,4190,4180,4207,4180,4208,4209,4210,4213,4216,1,3,1,3,11,4203,4202,4201,4200,4199,8,1,1,1,3,0
2017-01-03 09:02:29,4207,2,84140.00,22012,106,4446380.000,4194,4206,4190,4180,4207,4180,4208,4209,4210,4213,4216,1,3,1,3,11,4203,4202,4201,4200,4199,8,1,1,1,3,1
2017-01-03 09:02:31,4207,0,0.00,22012,106,4446380.000,4194,4206,4190,4180,4207,4180,4208,4209,4210,4213,4216,1,3,1,3,11,4204,4203,4202,4201,4200,2,8,1,1,1,0
2017-01-03 09:02:31,4205,2,84100.00,22012,108,4530480.000,4194,4206,4190,4180,4207,4180,4208,4209,4210,4213,4216,1,3,1,3,11,4204,4203,4202,4201,4200,2,8,1,1,1,0
2017-01-03 09:02:31,4205,0,0.00,22012,108,4530480.000,4194,4206,4190,4180,4207,4180,4208,4209,4210,4213,4216,1,3,1,3,11,4205,4204,4203,4202,4201,1,2,8,1,1,0
2017-01-03 09:02:39,4205,0,0.00,22012,108,4530480.000,4194,4206,4190,4180,4207,4180,4208,4209,4210,4213,4216,6,3,1,3,11,4205,4204,4203,4202,4201,1,8,2,1,1,0
2017-01-03 09:02:45,4204,10,420420.00,22016,118,4950900.000,4195,4206,4190,4180,4207,4180,4208,4209,4210,4211,4213,1,3,1,1,3,4203,4202,4201,4200,4199,2,1,1,1,3,0
2017-01-03 09:02:49,4204,0,0.00,22016,118,4950900.000,4195,4206,4190,4180,4207,4180,4208,4209,4210,4211,4213,2,3,1,1,3,4203,4202,4201,4200,4199,2,1,1,1,3,0
2017-01-03 09:02:50,4204,0,0.00,22016,118,4950900.000,4195,4206,4190,4180,4207,4180,4208,4209,4210,4211,4213,1,4,1,1,3,4203,4202,4201,4200,4199,2,1,1,1,3,0
2017-01-03 09:02:51,4209,8,336700.00,22014,126,5287600.000,4196,4206,4190,4180,4209,4180,4210,4211,4212,4213,4216,1,1,1,3,11,4203,4202,4201,4200,4199,2,1,1,1,3,1
2017-01-03 09:02:51,4209,0,0.00,22014,126,5287600.000,4196,4206,4190,4180,4209,4180,4210,4211,4212,4213,4216,1,1,2,3,11,4203,4202,4201,4200,4199,3,1,1,1,3,0
2017-01-03 09:02:53,4209,0,0.00,22014,126,5287600.000,4196,4206,4190,4180,4209,4180,4210,4211,4213,4216,4217,1,1,5,1,3,4204,4203,4202,4201,4200,2,3,1,1,1,0
2017-01-03 09:02:54,4209,0,0.00,22014,126,5287600.000,4196,4206,4190,4180,4209,4180,4210,4211,4213,4216,4217,1,3,3,1,3,4203,4202,4201,4200,4199,3,1,1,1,3,0
2017-01-03 09:03:02,4209,0,0.00,22014,126,5287600.000,4196,4206,4190,4180,4209,4180,4210,4211,4213,4216,4217,3,1,3,1,3,4203,4202,4201,4200,4199,3,1,1,1,3,0
2017-01-03 09:03:03,4206,2,84120.00,22014,128,5371720.000,4196,4206,4190,4180,4209,4180,4210,4211,4213,4216,4217,1,1,3,1,3,4203,4202,4201,4200,4199,3,1,1,1,3,0
2017-01-03 09:03:03,4208,2,84160.00,22016,130,5455880.000,4196,4206,4190,4180,4209,4180,4210,4211,4213,4216,4217,1,1,3,1,3,4203,4202,4201,4200,4199,3,1,1,1,3,1
2017-01-03 09:03:04,4208,0,0.00,22016,130,5455880.000,4196,4206,4190,4180,4209,4180,4209,4210,4211,4213,4216,3,1,1,3,1,4203,4202,4201,4200,4199,3,1,1,1,3,0
2017-01-03 09:03:04,4208,0,0.00,22016,130,5455880.000,4196,4206,4190,4180,4209,4180,4209,4210,4211,4213,4216,4,1,1,3,1,4203,4202,4201,4200,4199,3,1,1,1,3,0
2017-01-03 09:03:05,4208,0,0.00,22016,130,5455880.000,4196,4206,4190,4180,4209,4180,4209,4210,4211,4213,4216,2,3,1,3,1,4203,4202,4201,4200,4199,3,1,1,1,3,0
2017-01-03 09:03:05,4208,0,0.00,22016,130,5455880.000,4196,4206,4190,4180,4209,4180,4209,4210,4211,4213,4216,4,1,1,3,1,4203,4202,4201,4200,4199,3,1,1,1,3,0
2017-01-03 09:03:05,4208,0,0.00,22016,130,5455880.000,4196,4206,4190,4180,4209,4180,4209,4210,4211,4213,4216,2,3,1,3,1,4203,4202,4201,4200,4199,3,1,1,1,3,0
2017-01-03 09:03:07,4209,2,84180.00,22018,132,5540060.000,4197,4206,4190,4180,4209,4180,4209,4210,4211,4213,4216,1,3,1,3,1,4203,4202,4201,4200,4199,3,1,1,1,3,1
2017-01-03 09:03:09,4209,0,0.00,22018,132,5540060.000,4197,4206,4190,4180,4209,4180,4209,4210,4211,4212,4213,1,1,1,2,3,4204,4203,4202,4201,4200,2,3,1,1,1,1
2017-01-03 09:03:11,4209,2,84180.00,22016,134,5624240.000,4197,4206,4190,4180,4209,4180,4210,4211,4212,4213,4216,1,1,1,3,1,4204,4203,4202,4201,4200,2,3,1,1,1,0
2017-01-03 09:03:12,4209,0,0.00,22016,134,5624240.000,4197,4206,4190,4180,4209,4180,4210,4211,4212,4213,4216,1,1,1,3,1,4203,4202,4201,4200,4199,3,1,1,1,3,0
2017-01-03 09:03:13,4210,2,84200.00,22016,136,5708440.000,4197,4206,4190,4180,4210,4180,4212,4213,4216,4217,4219,1,4,1,3,1,4203,4202,4201,4200,4199,3,1,1,1,3,1
2017-01-03 09:03:13,4210,0,0.00,22016,136,5708440.000,4197,4206,4190,4180,4210,4180,4213,4214,4216,4217,4219,4,1,1,3,1,4203,4202,4201,4200,4199,3,1,1,1,3,0
2017-01-03 09:03:14,4210,0,0.00,22016,136,5708440.000,4197,4206,4190,4180,4210,4180,4213,4214,4216,4217,4219,3,2,1,3,1,4203,4202,4201,4200,4199,3,1,1,1,3,0
2017-01-03 09:03:14,4209,2,84180.00,22016,138,5792620.000,4197,4206,4190,4180,4210,4180,4213,4214,4216,4217,4219,4,1,1,3,1,4203,4202,4201,4200,4199,3,1,1,1,3,0
2017-01-03 09:03:14,4209,0,0.00,22016,138,5792620.000,4197,4206,4190,4180,4210,4180,4213,4214,4215,4216,4217,3,1,2,1,3,4203,4202,4201,4200,4199,3,1,1,1,3,0
2017-01-03 09:03:15,4209,0,0.00,22016,138,5792620.000,4197,4206,4190,4180,4210,4180,4213,4214,4216,4217,4219,5,1,1,3,1,4203,4202,4201,4200,4199,3,1,1,1,3,0
2017-01-03 09:03:17,4209,0,0.00,22016,138,5792620.000,4197,4206,4190,4180,4210,4180,4213,4214,4216,4217,4219,3,1,1,3,1,4203,4202,4201,4200,4199,3,1,1,1,3,0
2017-01-03 09:03:18,4209,0,0.00,22016,138,5792620.000,4197,4206,4190,4180,4210,4180,4212,4213,4214,4216,4217,4,3,1,1,3,4203,4202,4201,4200,4199,3,1,1,1,3,0
2017-01-03 09:03:18,4209,0,0.00,22016,138,5792620.000,4197,4206,4190,4180,4210,4180,4212,4213,4214,4216,4217,5,3,1,1,3,4203,4202,4201,4200,4199,3,1,1,1,3,0
2017-01-03 09:03:19,4209,0,0.00,22016,138,5792620.000,4197,4206,4190,4180,4210,4180,4212,4213,4214,4216,4217,3,3,1,1,3,4203,4202,4201,4200,4199,3,1,1,1,3,0
2017-01-03 09:03:19,4209,0,0.00,22016,138,5792620.000,4197,4206,4190,4180,4210,4180,4212,4213,4214,4216,4217,1,5,1,1,3,4203,4202,4201,4200,4199,3,1,1,1,3,0
2017-01-03 09:03:19,4209,0,0.00,22016,138,5792620.000,4197,4206,4190,4180,4210,4180,4212,4213,4214,4216,4217,3,3,1,1,3,4205,4203,4202,4201,4200,1,3,1,1,1,0
2017-01-03 09:03:20,4209,0,0.00,22016,138,5792620.000,4197,4206,4190,4180,4210,4180,4212,4213,4214,4216,4217,2,3,1,1,3,4205,4204,4203,4202,4201,1,1,3,1,1,0
2017-01-03 09:03:20,4209,0,0.00,22016,138,5792620.000,4197,4206,4190,4180,4210,4180,4212,4213,4214,4216,4217,1,5,1,1,3,4205,4204,4203,4202,4201,1,1,3,1,1,0
2017-01-03 09:03:22,4209,0,0.00,22016,138,5792620.000,4197,4206,4190,4180,4210,4180,4212,4213,4214,4216,4217,3,3,1,1,3,4205,4204,4203,4202,4201,1,1,3,1,1,0
2017-01-03 09:03:25,4209,0,0.00,22016,138,5792620.000,4197,4206,4190,4180,4210,4180,4210,4212,4213,4214,4216,2,3,3,1,1,4205,4204,4203,4202,4201,1,1,3,1,1,0
2017-01-03 09:03:30,4210,2,84200.00,22014,140,5876820.000,4197,4206,4190,4180,4210,4180,4210,4211,4212,4213,4216,1,1,1,5,1,4205,4204,4203,4202,4201,1,1,3,1,1,1
2017-01-03 09:03:34,4210,0,0.00,22014,140,5876820.000,4197,4206,4190,4180,4210,4180,4210,4211,4212,4213,4216,1,1,4,3,1,4206,4205,4204,4203,4202,1,1,1,3,1,1
2017-01-03 09:03:34,4210,0,0.00,22014,140,5876820.000,4197,4206,4190,4180,4210,4180,4210,4211,4212,4213,4216,1,1,4,3,1,4206,4205,4204,4203,4202,2,1,1,3,1,1
2017-01-03 09:03:36,4210,0,0.00,22014,140,5876820.000,4197,4206,4190,4180,4210,4180,4210,4211,4212,4213,4216,2,1,4,3,1,4206,4205,4204,4203,4202,2,1,1,3,1,1
2017-01-03 09:03:36,4210,0,0.00,22014,140,5876820.000,4197,4206,4190,4180,4210,4180,4210,4211,4212,4213,4216,4,1,4,3,1,4206,4205,4204,4203,4202,2,1,1,3,1,1
2017-01-03 09:03:47,4210,0,0.00,22014,140,5876820.000,4197,4206,4190,4180,4210,4180,4210,4211,4212,4213,4216,3,1,4,3,1,4206,4205,4204,4203,4202,2,1,1,3,1,1
2017-01-03 09:03:55,4210,6,252600.00,22010,146,6129420.000,4198,4206,4190,4180,4210,4180,4211,4212,4213,4214,4216,1,1,3,3,1,4206,4205,4204,4203,4202,2,1,1,3,1,0
2017-01-03 09:03:55,4210,0,0.00,22010,146,6129420.000,4198,4206,4190,4180,4210,4180,4212,4213,4214,4216,4217,1,5,1,1,3,4206,4205,4204,4203,4202,2,1,1,3,1,0
2017-01-03 09:03:58,4212,2,84240.00,22012,148,6213660.000,4198,4206,4190,4180,4212,4180,4213,4214,4215,4216,4217,3,1,4,1,3,4206,4205,4204,4203,4202,2,1,1,3,1,1
2017-01-03 09:03:58,4212,0,0.00,22012,148,6213660.000,4198,4206,4190,4180,4212,4180,4214,4215,4216,4217,4220,1,4,1,3,1,4206,4205,4204,4203,4202,2,1,1,3,1,0
2017-01-03 09:03:59,4212,0,0.00,22012,148,6213660.000,4198,4206,4190,4180,4212,4180,4215,4216,4217,4220,4221,5,1,3,1,3,4206,4205,4204,4203,4202,2,1,1,3,1,0
2017-01-03 09:03:59,4212,0,0.00,22012,148,6213660.000,4198,4206,4190,4180,4212,4180,4216,4217,4218,4220,4221,1,3,1,1,3,4206,4205,4204,4203,4202,2,1,1,3,1,0
2017-01-03 09:04:00,4212,0,0.00,22012,148,6213660.000,4198,4206,4190,4180,4212,4180,4216,4217,4218,4221,4222,5,3,1,4,2,4206,4205,4204,4203,4202,2,1,1,3,1,0
2017-01-03 09:04:00,4212,0,0.00,22012,148,6213660.000,4198,4206,4190,4180,4212,4180,4216,4217,4218,4221,4222,3,3,1,4,2,4206,4205,4204,4203,4202,2,1,1,3,1,0
2017-01-03 09:04:01,4212,0,0.00,22012,148,6213660.000,4198,4206,4190,4180,4212,4180,4216,4217,4218,4221,4222,1,7,1,4,2,4206,4205,4204,4203,4202,2,1,1,3,1,0
2017-01-03 09:04:01,4212,0,0.00,22012,148,6213660.000,4198,4206,4190,4180,4212,4180,4216,4217,4218,4221,4222,5,3,1,4,2,4206,4205,4204,4203,4202,2,1,1,3,1,0
2017-01-03 09:04:02,4212,0,0.00,22012,148,6213660.000,4198,4206,4190,4180,4212,4180,4216,4217,4218,4221,4222,1,3,1,4,2,4206,4205,4204,4203,4202,2,1,1,3,1,0
2017-01-03 09:04:03,4211,2,84220.00,22012,150,6297880.000,4198,4206,4190,4180,4212,4180,4216,4217,4218,4221,4222,1,3,1,3,3,4206,4205,4204,4203,4202,2,1,1,3,1,0
2017-01-03 09:04:04,4211,0,0.00,22012,150,6297880.000,4198,4206,4190,4180,4212,4180,4216,4217,4218,4221,4222,1,3,1,3,3,4207,4206,4205,4204,4203,1,2,1,1,3,0
2017-01-03 09:04:04,4211,0,0.00,22012,150,6297880.000,4198,4206,4190,4180,4212,4180,4216,4217,4218,4221,4222,1,3,1,3,3,4207,4206,4205,4204,4203,3,2,1,1,3,0
2017-01-03 09:04:05,4211,0,0.00,22012,150,6297880.000,4198,4206,4190,4180,4212,4180,4216,4217,4218,4221,4222,5,3,1,3,3,4207,4206,4205,4204,4203,3,2,1,1,3,0
2017-01-03 09:04:08,4211,0,0.00,22012,150,6297880.000,4198,4206,4190,4180,4212,4180,4214,4216,4217,4218,4221,1,5,3,1,3,4207,4206,4205,4204,4203,3,2,1,1,3,0
2017-01-03 09:04:08,4211,0,0.00,22012,150,6297880.000,4198,4206,4190,4180,4212,4180,4214,4215,4216,4217,4221,1,1,5,3,3,4208,4207,4206,4205,4204,2,3,2,1,1,0
2017-01-03 09:04:08,4211,0,0.00,22012,150,6297880.000,4198,4206,4190,4180,4212,4180,4214,4215,4216,4217,4221,1,1,5,3,3,4208,4207,4206,4205,4204,3,3,2,1,1,0
2017-01-03 09:04:09,4214,2,84280.00,22014,152,6382160.000,4198,4206,4190,4180,4214,4180,4215,4216,4217,4221,4222,1,1,8,3,2,4208,4207,4206,4205,4204,3,3,2,1,1,1
2017-01-03 09:04:09,4214,0,0.00,22014,152,6382160.000,4198,4206,4190,4180,4214,4180,4217,4218,4221,4222,4224,3,1,3,2,2,4208,4207,4206,4205,4204,3,3,2,1,1,0
2017-01-03 09:04:10,4214,0,0.00,22014,152,6382160.000,4198,4206,4190,4180,4214,4180,4217,4218,4221,4222,4224,8,1,3,2,2,4208,4207,4206,4205,4204,3,3,2,1,1,0
2017-01-03 09:04:11,4214,0,0.00,22014,152,6382160.000,4198,4206,4190,4180,4214,4180,4217,4218,4221,4222,4224,3,6,3,2,2,4208,4207,4206,4205,4204,3,3,2,1,1,0
2017-01-03 09:04:12,4214,0,0.00,22014,152,6382160.000,4198,4206,4190,4180,4214,4180,4218,4221,4222,4224,4225,6,3,2,2,3,4208,4207,4206,4205,4204,3,3,2,1,1,0
2017-01-03 09:04:12,4214,0,0.00,22014,152,6382160.000,4198,4206,4190,4180,4214,4180,4219,4221,4222,4223,4224,1,3,2,1,1,4208,4207,4206,4205,4204,3,3,2,1,1,0
2017-01-03 09:04:12,4214,0,0.00,22014,152,6382160.000,4198,4206,4190,4180,4214,4180,4220,4221,4222,4223,4224,1,3,2,1,1,4208,4207,4206,4205,4204,3,3,2,1,1,0
2017-01-03 09:04:12,4214,2,84280.00,22014,154,6466440.000,4198,4206,4190,4180,4214,4180,4220,4221,4222,4223,4224,1,3,2,2,1,4208,4207,4206,4205,4204,3,3,2,1,1,0
2017-01-03 09:04:13,4214,0,0.00,22014,154,6466440.000,4198,4206,4190,4180,4214,4180,4220,4221,4222,4223,4224,1,3,3,1,1,4208,4207,4206,4205,4204,1,3,2,1,1,0
2017-01-03 09:04:13,4214,0,0.00,22014,154,6466440.000,4198,4206,4190,4180,4214,4180,4220,4221,4222,4223,4224,1,4,2,1,1,4209,4208,4207,4206,4205,2,1,3,2,1,0
2017-01-03 09:04:16,4214,0,0.00,22014,154,6466440.000,4198,4206,4190,4180,4214,4180,4219,4220,4221,4222,4223,3,1,4,2,1,4209,4208,4207,4206,4205,2,1,2,2,1,0
2017-01-03 09:04:17,4214,0,0.00,22014,154,6466440.000,4198,4206,4190,4180,4214,4180,4219,4220,4221,4222,4223,1,3,4,2,1,4209,4208,4207,4206,4205,2,1,2,2,1,0
2017-01-03 09:04:17,4214,0,0.00,22014,154,6466440.000,4198,4206,4190,4180,4214,4180,4219,4220,4221,4222,4223,1,3,4,2,1,4210,4209,4208,4207,4206,1,2,1,2,2,0
2017-01-03 09:04:17,4214,0,0.00,22014,154,6466440.000,4198,4206,4190,4180,4214,4180,4219,4220,4221,4222,4223,1,3,4,2,1,4216,4210,4209,4208,4207,1,2,2,1,2,0
2017-01-03 09:04:18,4214,0,0.00,22014,154,6466440.000,4198,4206,4190,4180,4214,4180,4218,4219,4220,4221,4222,1,1,3,3,3,4216,4215,4214,4213,4210,1,1,4,1,2,0
2017-01-03 09:04:18,4214,0,0.00,22014,154,6466440.000,4198,4206,4190,4180,4214,4180,4218,4219,4220,4221,4222,1,1,3,3,3,4216,4215,4214,4213,4210,2,1,4,1,2,0
2017-01-03 09:04:19,4218,2,84360.00,22012,156,6550800.000,4199,4206,4190,4180,4218,4180,4219,4220,4221,4222,4223,1,1,5,3,1,4216,4215,4214,4213,4210,2,1,4,1,11,1
2017-01-03 09:04:19,4218,0,0.00,22012,156,6550800.000,4199,4206,4190,4180,4218,4180,4219,4220,4221,4222,4223,2,1,5,3,1,4216,4215,4214,4213,4210,2,1,4,1,11,0
2017-01-03 09:04:22,4218,2,84360.00,22010,158,6635160.000,4199,4206,4190,4180,4218,4180,4219,4220,4221,4222,4223,2,1,6,3,1,4216,4215,4214,4213,4210,2,1,4,1,11,0
2017-01-03 09:04:22,4218,0,0.00,22010,158,6635160.000,4199,4206,4190,4180,4218,4180,4219,4220,4221,4222,4223,2,1,6,3,1,4216,4215,4214,4213,4210,3,1,4,1,11,0
2017-01-03 09:04:22,4218,0,0.00,22010,158,6635160.000,4199,4206,4190,4180,4218,4180,4219,4220,4221,4222,4223,2,1,3,6,1,4216,4215,4214,4213,4210,2,1,4,1,11,0
2017-01-03 09:04:23,4219,2,84380.00,22010,160,6719540.000,4199,4206,4190,4180,4219,4180,4219,4220,4221,4222,4223,1,1,4,3,1,4216,4215,4214,4213,4210,2,1,4,1,11,1
2017-01-03 09:04:23,4219,0,0.00,22010,160,6719540.000,4199,4206,4190,4180,4219,4180,4219,4220,4221,4222,4223,1,1,6,3,1,4216,4215,4214,4213,4210,3,1,4,1,11,1
2017-01-03 09:04:23,4219,2,84380.00,22012,162,6803920.000,4199,4206,4190,4180,4219,4180,4220,4221,4222,4223,4225,1,7,3,1,3,4216,4215,4214,4213,4210,2,1,4,1,11,0
2017-01-03 09:04:24,4219,0,0.00,22012,162,6803920.000,4199,4206,4190,4180,4219,4180,4220,4221,4222,4223,4225,2,3,3,1,3,4216,4215,4214,4213,4210,2,1,4,1,11,0
2017-01-03 09:04:24,4220,2,84400.00,22012,164,6888320.000,4200,4206,4190,4180,4220,4180,4221,4222,4223,4225,4229,3,7,1,3,3,4216,4215,4214,4213,4210,2,1,4,1,11,1
2017-01-03 09:04:24,4220,0,0.00,22012,164,6888320.000,4200,4206,4190,4180,4220,4180,4222,4223,4225,4229,4233,3,1,3,3,3,4217,4216,4215,4214,4213,5,2,1,4,1,0
2017-01-03 09:04:24,4220,0,0.00,22012,164,6888320.000,4200,4206,4190,4180,4220,4180,4222,4223,4225,4229,4233,3,1,3,3,3,4217,4216,4215,4214,4213,6,2,1,4,1,0
2017-01-03 09:04:25,4220,0,0.00,22012,164,6888320.000,4200,4206,4190,4180,4220,4180,4222,4223,4225,4229,4233,7,1,3,3,3,4217,4216,4215,4214,4213,2,2,1,4,1,0
2017-01-03 09:04:25,4220,0,0.00,22012,164,6888320.000,4200,4206,4190,4180,4220,4180,4222,4223,4225,4229,4233,3,1,3,3,3,4217,4216,4215,4214,4213,6,2,1,4,1,0
2017-01-03 09:04:27,4220,0,0.00,22012,164,6888320.000,4200,4206,4190,4180,4220,4180,4222,4223,4225,4229,4233,2,2,3,3,3,4217,4216,4215,4214,4213,6,2,1,4,1,0
2017-01-03 09:04:27,4220,0,0.00,22012,164,6888320.000,4200,4206,4190,4180,4220,4180,4222,4223,4225,4229,4233,2,2,3,3,3,4217,4216,4215,4214,4213,2,6,1,4,1,0
2017-01-03 09:04:27,4220,0,0.00,22012,164,6888320.000,4200,4206,4190,4180,4220,4180,4222,4223,4225,4229,4233,2,2,3,3,3,4217,4216,4215,4214,4213,6,1,1,4,1,0
2017-01-03 09:04:28,4220,0,0.00,22012,164,6888320.000,4200,4206,4190,4180,4220,4180,4222,4223,4225,4229,4233,2,2,3,3,3,4217,4216,4215,4214,4213,2,5,1,4,1,0
2017-01-03 09:04:29,4220,0,0.00,22012,164,6888320.000,4200,4206,4190,4180,4220,4180,4222,4223,4225,4229,4233,2,2,3,3,3,4217,4216,4215,4214,4213,1,5,1,4,1,0
2017-01-03 09:04:30,4220,0,0.00,22012,164,6888320.000,4200,4206,4190,4180,4220,4180,4218,4219,4222,4223,4225,1,4,2,2,3,4217,4216,4215,4214,4213,1,1,5,4,1,1
2017-01-03 09:04:31,4220,0,0.00,22012,164,6888320.000,4200,4206,4190,4180,4220,4180,4218,4219,4222,4223,4225,2,1,2,1,3,4217,4216,4215,4214,4213,1,1,5,4,1,1
2017-01-03 09:04:31,4220,0,0.00,22012,164,6888320.000,4200,4206,4190,4180,4220,4180,4218,4219,4222,4223,4225,5,1,2,1,3,4217,4216,4215,4214,4213,1,1,5,4,1,1
2017-01-03 09:04:31,4220,0,0.00,22012,164,6888320.000,4200,4206,4190,4180,4220,4180,4218,4219,4222,4223,4225,5,1,2,1,3,4217,4216,4215,4214,4213,11,1,5,4,1,1
2017-01-03 09:04:31,4218,8,337440.00,22016,172,7225760.000,4201,4206,4190,4180,4220,4180,4219,4222,4223,4225,4229,1,2,1,3,3,4217,4216,4215,4214,4213,11,1,5,4,1,0
2017-01-03 09:04:32,4218,0,0.00,22016,172,7225760.000,4201,4206,4190,4180,4220,4180,4220,4222,4223,4225,4229,1,2,1,3,3,4217,4216,4215,4214,4213,11,1,5,4,1,0
2017-01-03 09:04:32,4218,0,0.00,22016,172,7225760.000,4201,4206,4190,4180,4220,4180,4221,4222,4223,4225,4229,1,2,1,3,3,4217,4216,4215,4214,4213,11,1,5,4,1,0
2017-01-03 09:04:32,4218,0,0.00,22016,172,7225760.000,4201,4206,4190,4180,4220,4180,4222,4223,4225,4229,4233,2,2,3,3,3,4217,4216,4215,4214,4213,11,1,5,4,1,0
2017-01-03 09:04:33,4217,2,84340.00,22016,174,7310100.000,4201,4206,4190,4180,4220,4180,4222,4223,4225,4229,4233,2,2,3,3,3,4216,4215,4214,4213,4210,1,2,4,1,11,0
2017-01-03 09:04:33,4217,0,0.00,22016,174,7310100.000,4201,4206,4190,4180,4220,4180,4222,4223,4225,4229,4233,3,1,3,3,3,4216,4215,4214,4213,4210,11,1,12,1,11,0
2017-01-03 09:04:33,4217,0,0.00,22016,174,7310100.000,4201,4206,4190,4180,4220,4180,4222,4223,4225,4229,4233,2,1,3,13,3,4216,4215,4214,4213,4210,1,11,10,1,11,0
2017-01-03 09:04:35,4217,0,0.00,22016,174,7310100.000,4201,4206,4190,4180,4220,4180,4222,4223,4225,4229,4233,3,1,3,13,3,4216,4215,4214,4213,4210,6,1,6,1,11,0
2017-01-03 09:04:36,4216,10,421600.00,22022,184,7731700.000,4202,4206,4190,4180,4220,4180,4222,4223,4225,4229,4233,2,1,3,13,3,4215,4214,4213,4210,4209,7,4,4,11,1,0
2017-01-03 09:04:36,4216,0,0.00,22022,184,7731700.000,4202,4206,4190,4180,4220,4180,4222,4223,4225,4229,4233,3,1,3,13,3,4215,4214,4213,4210,4209,1,4,4,11,1,0
2017-01-03 09:04:36,4216,0,0.00,22022,184,7731700.000,4202,4206,4190,4180,4220,4180,4222,4223,4225,4229,4233,2,1,3,13,3,4215,4214,4213,4210,4209,7,5,1,1,1,0
2017-01-03 09:04:36,4216,0,0.00,22022,184,7731700.000,4202,4206,4190,4180,4220,4180,4222,4223,4225,4229,4233,3,1,3,13,3,4215,4214,4213,4210,4209,7,4,4,1,1,0
2017-01-03 09:04:37,4216,0,0.00,22022,184,7731700.000,4202,4206,4190,4180,4220,4180,4222,4223,4225,4229,4233,2,1,3,14,3,4215,4214,4213,4210,4209,7,4,5,1,1,0
2017-01-03 09:04:38,4216,0,0.00,22022,184,7731700.000,4202,4206,4190,4180,4220,4180,4222,4223,4225,4229,4233,3,1,3,14,3,4215,4214,4213,4212,4210,1,4,1,7,1,0
2017-01-03 09:04:38,4216,0,0.00,22022,184,7731700.000,4202,4206,4190,4180,4220,4180,4222,4223,4225,4229,4233,2,1,3,14,3,4215,4214,4213,4212,4210,1,4,3,6,1,0
2017-01-03 09:04:39,4216,0,0.00,22022,184,7731700.000,4202,4206,4190,4180,4220,4180,4221,4222,4223,4225,4229,3,2,1,3,14,4215,4214,4213,4212,4210,1,4,1,13,1,0
2017-01-03 09:04:40,4216,6,252960.00,22028,190,7984660.000,4202,4206,4190,4180,4220,4180,4221,4222,4223,4225,4229,3,2,1,3,14,4215,4214,4213,4212,4210,1,4,3,6,1,0
2017-01-03 09:04:41,4217,6,253000.00,22032,196,8237660.000,4202,4206,4190,4180,4220,4180,4221,4222,4223,4225,4229,2,2,1,3,14,4215,4214,4213,4212,4210,3,4,1,6,1,1
2017-01-03 09:04:42,4217,0,0.00,22032,196,8237660.000,4202,4206,4190,4180,4220,4180,4221,4222,4223,4225,4228,2,2,1,3,10,4215,4214,4213,4212,4210,4,4,1,6,1,0
2017-01-03 09:04:43,4218,4,168660.00,22034,200,8406320.000,4203,4206,4190,4180,4220,4180,4221,4222,4225,4228,4229,2,2,3,10,4,4215,4214,4212,4210,4209,3,3,6,1,1,1
2017-01-03 09:04:43,4218,0,0.00,22034,200,8406320.000,4203,4206,4190,4180,4220,4180,4221,4222,4225,4228,4229,2,2,3,10,4,4215,4214,4212,4210,4209,1,3,3,1,1,0
2017-01-03 09:04:44,4218,0,0.00,22034,200,8406320.000,4203,4206,4190,4180,4220,4180,4221,4222,4225,4228,4229,2,2,3,10,4,4215,4214,4212,4210,4209,3,3,1,1,1,0
2017-01-03 09:04:44,4218,0,0.00,22034,200,8406320.000,4203,4206,4190,4180,4220,4180,4221,4222,4225,4228,4229,1,2,3,10,4,4215,4214,4211,4210,4209,3,3,6,1,1,0
2017-01-03 09:04:44,4218,0,0.00,22034,200,8406320.000,4203,4206,4190,4180,4220,4180,4221,4222,4225,4228,4229,2,2,3,10,4,4215,4214,4213,4212,4210,1,3,2,2,1,0
2017-01-03 09:04:44,4218,0,0.00,22034,200,8406320.000,4203,4206,4190,4180,4220,4180,4220,4221,4222,4225,4228,2,1,2,3,10,4215,4214,4213,4211,4210,1,3,2,6,1,0
2017-01-03 09:04:45,4218,0,0.00,22034,200,8406320.000,4203,4206,4190,4180,4220,4180,4220,4221,4222,4225,4228,1,2,2,3,10,4215,4214,4211,4210,4209,1,5,6,1,1,0
2017-01-03 09:04:46,4215,2,84300.00,22036,202,8490620.000,4203,4206,4190,4180,4220,4180,4220,4221,4222,4225,4228,1,2,2,3,10,4214,4211,4210,4209,4208,5,6,1,1,1,0
2017-01-03 09:04:46,4215,0,0.00,22036,202,8490620.000,4203,4206,4190,4180,4220,4180,4220,4221,4222,4225,4228,1,2,2,3,10,4214,4211,4210,4209,4208,3,6,1,1,1,0
2017-01-03 09:04:47,4215,2,84300.00,22034,204,8574920.000,4203,4206,4190,4180,4220,4180,4220,4221,4222,4225,4228,1,2,2,3,10,4214,4211,4210,4209,4208,3,6,1,1,1,0
2017-01-03 09:04:50,4215,0,0.00,22034,204,8574920.000,4203,4206,4190,4180,4220,4180,4220,4221,4222,4225,4228,1,2,2,3,10,4214,4212,4210,4209,4208,4,5,1,1,1,0
2017-01-03 09:04:53,4215,0,0.00,22034,204,8574920.000,4203,4206,4190,4180,4220,4180,4220,4221,4222,4225,4228,6,1,3,3,10,4215,4214,4213,4210,4209,1,4,1,1,1,0
2017-01-03 09:04:56,4215,0,0.00,22034,204,8574920.000,4203,4206,4190,4180,4220,4180,4220,4221,4222,4225,4228,5,1,3,3,10,4215,4214,4213,4210,4209,2,4,5,1,1,0
2017-01-03 09:04:56,4215,0,0.00,22034,204,8574920.000,4203,4206,4190,4180,4220,4180,4220,4221,4222,4225,4228,6,1,3,3,10,4215,4214,4213,4210,4209,1,4,6,1,1,0
2017-01-03 09:04:57,4215,0,0.00,22034,204,8574920.000,4203,4206,4190,4180,4220,4180,4220,4221,4222,4225,4229,1,1,3,3,4,4215,4214,4213,4210,4209,1,4,6,1,1,0
2017-01-03 09:04:57,4215,0,0.00,22034,204,8574920.000,4203,4206,4190,4180,4220,4180,4220,4221,4222,4225,4229,1,1,3,3,4,4214,4213,4210,4209,4208,4,6,1,1,1,0
2017-01-03 09:04:58,4215,0,0.00,22034,204,8574920.000,4203,4206,4190,4180,4220,4180,4219,4220,4221,4222,4225,10,1,1,3,3,4214,4213,4210,4209,4208,4,6,1,1,1,0
2017-01-03 09:04:59,4215,0,0.00,22034,204,8574920.000,4203,4206,4190,4180,4220,4180,4219,4220,4221,4222,4225,9,1,1,3,3,4214,4213,4210,4209,4208,4,6,1,1,1,0
2017-01-03 09:04:59,4215,0,0.00,22034,204,8574920.000,4203,4206,4190,4180,4220,4180,4219,4220,4221,4222,4225,2,6,1,3,3,4216,4214,4213,4210,4209,1,4,6,1,1,0
2017-01-03 09:04:59,4215,0,0.00,22034,204,8574920.000,4203,4206,4190,4180,4220,4180,4219,4220,4221,4222,4225,2,6,1,3,3,4216,4214,4213,4210,4209,2,5,6,1,1,0
2017-01-03 09:05:01,4215,0,0.00,22034,204,8574920.000,4203,4206,4190,4180,4220,4180,4219,4220,4221,4222,4225,2,1,1,13,3,4216,4214,4213,4210,4209,3,5,6,1,1,0
2017-01-03 09:05:01,4219,2,84380.00,22032,206,8659300.000,4203,4206,4190,4180,4220,4180,4219,4220,4221,4222,4225,1,1,1,14,3,4216,4214,4213,4210,4209,3,5,6,1,1,1
2017-01-03 09:05:02,4219,0,0.00,22032,206,8659300.000,4203,4206,4190,4180,4220,4180,4219,4220,4221,4222,4223,1,1,1,13,1,4217,4216,4214,4210,4209,2,3,11,1,1,1
2017-01-03 09:05:02,4219,0,0.00,22032,206,8659300.000,4203,4206,4190,4180,4220,4180,4219,4220,4221,4222,4223,1,1,1,13,1,4217,4216,4214,4210,4209,4,3,11,1,1,1
2017-01-03 09:05:02,4219,2,84380.00,22034,208,8743680.000,4203,4206,4190,4180,4220,4180,4220,4221,4222,4223,4225,1,1,13,1,3,4217,4216,4214,4210,4209,4,3,11,1,1,0
2017-01-03 09:05:03,4219,0,0.00,22034,208,8743680.000,4203,4206,4190,4180,4220,4180,4220,4221,4222,4223,4225,1,12,2,1,3,4217,4216,4214,4210,4209,6,3,11,1,1,0
2017-01-03 09:05:03,4219,0,0.00,22034,208,8743680.000,4203,4206,4190,4180,4220,4180,4220,4221,4222,4223,4225,12,1,2,1,3,4217,4216,4214,4210,4209,4,6,11,1,1,0
2017-01-03 09:05:03,4219,0,0.00,22034,208,8743680.000,4203,4206,4190,4180,4220,4180,4220,4221,4222,4223,4225,1,12,2,1,3,4217,4216,4214,4210,4209,5,3,11,1,1,0
2017-01-03 09:05:07,4219,0,0.00,22034,208,8743680.000,4203,4206,4190,4180,4220,4180,4220,4221,4222,4224,4225,1,12,2,1,3,4217,4216,4215,4214,4210,2,6,6,5,1,0
2017-01-03 09:05:07,4219,0,0.00,22034,208,8743680.000,4203,4206,4190,4180,4220,4180,4220,4221,4222,4224,4225,1,12,2,1,3,4217,4216,4215,4214,4210,5,3,6,5,1,0
2017-01-03 09:05:08,4219,0,0.00,22034,208,8743680.000,4203,4206,4190,4180,4220,4180,4220,4221,4222,4224,4225,2,1,2,1,3,4217,4216,4215,4214,4210,2,6,6,4,1,0
2017-01-03 09:05:08,4219,0,0.00,22034,208,8743680.000,4203,4206,4190,4180,4220,4180,4220,4221,4222,4224,4225,1,12,2,1,3,4217,4216,4215,4214,4210,5,3,6,4,1,0
2017-01-03 09:05:09,4219,0,0.00,22034,208,8743680.000,4203,4206,4190,4180,4220,4180,4220,4221,4222,4224,4225,1,11,2,1,3,4218,4217,4216,4215,4214,2,5,3,6,4,0
2017-01-03 09:05:09,4219,0,0.00,22034,208,8743680.000,4203,4206,4190,4180,4220,4180,4220,4221,4222,4224,4225,1,1,13,1,3,4218,4217,4216,4215,4214,6,2,3,6,4,0
2017-01-03 09:05:10,4219,0,0.00,22034,208,8743680.000,4203,4206,4190,4180,4220,4180,4220,4221,4222,4224,4225,9,1,2,1,3,4218,4217,4216,4215,4214,3,2,6,6,4,0
2017-01-03 09:05:10,4219,0,0.00,22034,208,8743680.000,4203,4206,4190,4180,4220,4180,4220,4221,4222,4225,4229,1,1,13,4,4,4218,4217,4216,4214,4210,3,5,9,4,1,0
2017-01-03 09:05:10,4219,0,0.00,22034,208,8743680.000,4203,4206,4190,4180,4220,4180,4220,4221,4222,4224,4225,1,1,13,1,3,4218,4217,4216,4215,4214,6,2,3,6,4,0
2017-01-03 09:05:11,4219,0,0.00,22034,208,8743680.000,4203,4206,4190,4180,4220,4180,4220,4221,4222,4224,4225,1,1,13,1,3,4218,4217,4216,4215,4214,7,2,3,6,4,0
2017-01-03 09:05:11,4219,0,0.00,22034,208,8743680.000,4203,4206,4190,4180,4220,4180,4220,4221,4222,4224,4225,1,1,13,1,3,4218,4217,4216,4215,4214,2,5,3,6,4,0
2017-01-03 09:05:12,4219,0,0.00,22034,208,8743680.000,4203,4206,4190,4180,4220,4180,4220,4221,4222,4224,4225,8,1,2,1,3,4218,4217,4216,4215,4214,2,2,6,6,4,0
2017-01-03 09:05:12,4218,2,84360.00,22034,210,8828040.000,4203,4206,4190,4180,4220,4180,4220,4221,4222,4224,4225,2,1,2,1,3,4218,4217,4216,4215,4214,1,2,6,6,4,0
2017-01-03 09:05:12,4218,0,0.00,22034,210,8828040.000,4203,4206,4190,4180,4220,4180,4220,4221,4222,4224,4225,1,2,2,1,3,4218,4217,4216,4215,4214,1,3,3,4,4,0
2017-01-03 09:05:13,4218,0,0.00,22034,210,8828040.000,4203,4206,4190,4180,4220,4180,4220,4221,4222,4224,4225,6,1,2,1,3,4218,4217,4216,4215,4214,1,2,6,4,4,0
2017-01-03 09:05:13,4218,0,0.00,22034,210,8828040.000,4203,4206,4190,4180,4220,4180,4220,4221,4222,4224,4225,2,1,2,1,3,4218,4217,4216,4215,4214,1,2,6,4,4,0
2017-01-03 09:05:14,4218,0,0.00,22034,210,8828040.000,4203,4206,4190,4180,4220,4180,4220,4221,4222,4224,4225,1,1,13,1,3,4218,4217,4216,4215,4214,3,2,3,4,4,0
2017-01-03 09:05:14,4218,0,0.00,22034,210,8828040.000,4203,4206,4190,4180,4220,4180,4220,4221,4222,4224,4225,1,12,2,1,3,4218,4217,4216,4215,4214,1,5,3,4,4,0
2017-01-03 09:05:14,4218,0,0.00,22034,210,8828040.000,4203,4206,4190,4180,4220,4180,4220,4221,4222,4223,4225,12,1,2,1,3,4218,4217,4216,4214,4210,1,2,6,9,1,0
2017-01-03 09:05:15,4218,2,84360.00,22032,212,8912400.000,4203,4206,4190,4180,4220,4180,4220,4221,4222,4223,4225,1,1,2,1,3,4217,4216,4214,4210,4209,1,2,11,1,1,0
2017-01-03 09:05:15,4218,0,0.00,22032,212,8912400.000,4203,4206,4190,4180,4220,4180,4219,4220,4221,4222,4223,2,1,1,2,1,4217,4216,4214,4210,4209,1,2,10,1,1,0
2017-01-03 09:05:15,4218,0,0.00,22032,212,8912400.000,4203,4206,4190,4180,4220,4180,4218,4219,4220,4221,4222,9,2,1,1,3,4217,4216,4214,4213,4210,1,2,7,6,1,1
2017-01-03 09:05:16,4218,0,0.00,22032,212,8912400.000,4203,4206,4190,4180,4220,4180,4218,4219,4220,4221,4222,13,2,1,1,2,4217,4216,4214,4213,4210,1,1,7,6,1,1
2017-01-03 09:05:16,4217,4,168680.00,22032,216,9081080.000,4204,4206,4190,4180,4220,4180,4218,4219,4220,4221,4222,3,2,1,1,2,4216,4214,4213,4210,4209,1,4,9,1,1,0
2017-01-03 09:05:16,4216,2,84320.00,22032,218,9165400.000,4204,4206,4190,4180,4220,4180,4218,4219,4220,4221,4222,3,2,1,1,3,4214,4213,4212,4210,4209,4,6,3,1,1,0
2017-01-03 09:05:17,4216,0,0.00,22032,218,9165400.000,4204,4206,4190,4180,4220,4180,4218,4219,4220,4221,4222,3,2,1,1,3,4214,4213,4212,4210,4209,3,6,3,1,1,0
2017-01-03 09:05:23,4216,0,0.00,22032,218,9165400.000,4204,4206,4190,4180,4220,4180,4218,4220,4221,4222,4223,9,1,1,2,1,4214,4210,4209,4208,4207,6,1,1,1,2,0
2017-01-03 09:05:23,4216,0,0.00,22032,218,9165400.000,4204,4206,4190,4180,4220,4180,4218,4219,4220,4221,4222,3,8,1,1,2,4214,4210,4209,4208,4207,4,1,1,1,2,0
2017-01-03 09:05:24,4216,0,0.00,22032,218,9165400.000,4204,4206,4190,4180,4220,4180,4218,4219,4220,4221,4222,3,8,1,1,2,4214,4210,4209,4208,4207,7,1,1,1,2,0
2017-01-03 09:05:25,4216,0,0.00,22032,218,9165400.000,4204,4206,4190,4180,4220,4180,4218,4220,4221,4222,4224,4,1,1,2,1,4214,4210,4209,4208,4207,7,1,1,1,2,0
2017-01-03 09:05:25,4216,0,0.00,22032,218,9165400.000,4204,4206,4190,4180,4220,4180,4218,4220,4221,4222,4224,5,1,1,2,1,4214,4210,4209,4208,4207,7,1,1,1,2,0
2017-01-03 09:05:26,4216,0,0.00,22032,218,9165400.000,4204,4206,4190,4180,4220,4180,4218,4220,4221,4222,4224,3,1,1,2,1,4214,4213,4210,4209,4208,4,3,1,1,1,0
2017-01-03 09:05:27,4214,4,168560.00,22032,222,9333960.000,4204,4206,4190,4180,4220,4180,4218,4220,4221,4222,4224,3,1,1,2,1,4214,4211,4210,4209,4208,2,3,1,1,1,0
2017-01-03 09:05:27,4214,0,0.00,22032,222,9333960.000,4204,4206,4190,4180,4220,4180,4218,4220,4221,4222,4224,3,1,1,2,1,4214,4211,4210,4209,4208,1,3,1,1,1,0
2017-01-03 09:05:28,4214,2,84280.00,22030,224,9418240.000,4204,4206,4190,4180,4220,4180,4218,4220,4221,4222,4223,3,1,4,2,1,4210,4209,4208,4207,4206,4,1,1,2,1,0
2017-01-03 09:05:28,4214,0,0.00,22030,224,9418240.000,4204,4206,4190,4180,4220,4180,4217,4218,4220,4221,4222,3,3,1,4,2,4210,4209,4208,4207,4206,4,1,1,2,1,0
2017-01-03 09:05:29,4214,0,0.00,22030,224,9418240.000,4204,4206,4190,4180,4220,4180,4217,4218,4220,4221,4222,6,3,1,4,2,4210,4209,4208,4207,4206,4,1,1,2,1,0
2017-01-03 09:05:29,4214,0,0.00,22030,224,9418240.000,4204,4206,4190,4180,4220,4180,4217,4218,4220,4221,4222,6,3,1,4,2,4210,4209,4208,4207,4206,3,1,1,2,1,0
2017-01-03 09:05:29,4214,0,0.00,22030,224,9418240.000,4204,4206,4190,4180,4220,4180,4217,4218,4220,4221,4222,4,3,1,4,2,4210,4209,4208,4207,4206,1,4,1,2,1,0
2017-01-03 09:05:32,4214,0,0.00,22030,224,9418240.000,4204,4206,4190,4180,4220,4180,4214,4217,4218,4220,4221,2,4,3,1,4,4210,4209,4208,4207,4206,1,1,9,2,1,1
2017-01-03 09:05:35,4214,0,0.00,22030,224,9418240.000,4204,4206,4190,4180,4220,4180,4214,4217,4218,4220,4221,9,4,1,1,4,4210,4209,4208,4207,4206,1,9,1,2,1,1
2017-01-03 09:05:37,4214,0,0.00,22030,224,9418240.000,4204,4206,4190,4180,4220,4180,4214,4217,4218,4220,4221,9,4,1,1,4,4210,4209,4208,4207,4206,2,1,1,2,1,1
2017-01-03 09:05:37,4214,0,0.00,22030,224,9418240.000,4204,4206,4190,4180,4220,4180,4214,4217,4218,4220,4221,9,4,1,1,4,4210,4209,4208,4207,4206,1,9,1,2,1,1
2017-01-03 09:05:38,4214,0,0.00,22030,224,9418240.000,4204,4206,4190,4180,4220,4180,4214,4217,4218,4220,4221,2,4,1,1,4,4210,4209,4208,4207,4206,1,9,1,2,1,1
2017-01-03 09:05:39,4214,0,0.00,22030,224,9418240.000,4204,4206,4190,4180,4220,4180,4214,4217,4218,4220,4221,2,4,1,1,4,4210,4209,4208,4207,4206,2,9,1,2,1,1
2017-01-03 09:05:43,4214,0,0.00,22030,224,9418240.000,4204,4206,4190,4180,4220,4180,4214,4217,4218,4220,4221,8,4,1,1,4,4210,4209,4208,4207,4206,4,1,1,2,1,1
2017-01-03 09:05:43,4214,0,0.00,22030,224,9418240.000,4204,4206,4190,4180,4220,4180,4214,4217,4218,4220,4221,8,4,1,1,4,4210,4209,4208,4207,4206,2,9,1,2,1,1
2017-01-03 09:05:43,4214,0,0.00,22030,224,9418240.000,4204,4206,4190,4180,4220,4180,4214,4217,4218,4220,4221,1,4,1,1,4,4210,4209,4208,4207,4206,2,9,1,2,1,1
2017-01-03 09:05:43,4214,0,0.00,22030,224,9418240.000,4204,4206,4190,4180,4220,4180,4214,4217,4218,4220,4221,1,4,1,1,4,4210,4209,4208,4207,4206,1,9,1,2,1,1
2017-01-03 09:05:46,4214,0,0.00,22030,224,9418240.000,4204,4206,4190,4180,4220,4180,4214,4217,4218,4220,4221,1,4,1,1,4,4210,4209,4208,4207,4206,2,9,1,2,1,1
2017-01-03 09:05:46,4214,2,84280.00,22030,226,9502520.000,4204,4206,4190,4180,4220,4180,4214,4217,4218,4220,4221,1,4,1,1,4,4210,4209,4208,4207,4206,3,1,1,2,1,1
2017-01-03 09:05:48,4214,0,0.00,22030,226,9502520.000,4204,4206,4190,4180,4220,4180,4214,4217,4218,4220,4221,7,4,1,1,4,4210,4209,4208,4207,4206,2,1,1,2,1,1
2017-01-03 09:05:51,4214,0,0.00,22030,226,9502520.000,4204,4206,4190,4180,4220,4180,4214,4215,4217,4218,4220,7,10,4,1,1,4210,4209,4208,4207,4206,4,1,1,2,1,1
2017-01-03 09:05:56,4214,0,0.00,22030,226,9502520.000,4204,4206,4190,4180,4220,4180,4214,4215,4217,4218,4220,1,10,4,1,1,4210,4209,4208,4207,4206,3,1,1,2,1,1
2017-01-03 09:05:56,4214,0,0.00,22030,226,9502520.000,4204,4206,4190,4180,4220,4180,4214,4215,4217,4218,4220,7,10,4,1,1,4210,4209,4208,4207,4206,2,1,1,2,1,1
2017-01-03 09:05:58,4211,2,84220.00,22028,228,9586740.000,4204,4206,4190,4180,4220,4180,4214,4215,4217,4218,4220,8,10,4,1,1,4210,4209,4208,4207,4206,10,1,1,2,1,0
2017-01-03 09:06:01,4211,0,0.00,22028,228,9586740.000,4204,4206,4190,4180,4220,4180,4214,4215,4217,4218,4220,1,17,4,1,1,4210,4209,4208,4207,4206,2,1,1,2,1,0
2017-01-03 09:06:01,4211,0,0.00,22028,228,9586740.000,4204,4206,4190,4180,4220,4180,4214,4215,4217,4218,4220,1,17,4,1,1,4211,4210,4209,4208,4207,9,2,1,1,2,0
2017-01-03 09:06:06,4211,0,0.00,22028,228,9586740.000,4204,4206,4190,4180,4220,4180,4214,4215,4216,4217,4218,1,10,7,4,1,4211,4210,4209,4208,4207,1,2,1,1,2,0
2017-01-03 09:06:07,4211,0,0.00,22028,228,9586740.000,4204,4206,4190,4180,4220,4180,4214,4215,4216,4217,4218,1,10,7,4,1,4211,4210,4209,4208,4207,2,2,1,1,2,0
2017-01-03 09:06:07,4211,2,84220.00,22028,230,9670960.000,4204,4206,4190,4180,4220,4180,4214,4215,4217,4218,4220,1,11,4,1,1,4211,4210,4209,4208,4207,2,2,1,1,2,0
2017-01-03 09:06:08,4211,0,0.00,22028,230,9670960.000,4204,4206,4190,4180,4220,4180,4214,4215,4217,4218,4220,2,10,4,1,1,4211,4210,4209,4208,4207,9,2,1,1,2,0
2017-01-03 09:06:08,4211,0,0.00,22028,230,9670960.000,4204,4206,4190,4180,4220,4180,4214,4215,4217,4218,4220,3,10,4,1,1,4211,4210,4209,4208,4207,8,2,1,1,2,0
2017-01-03 09:06:09,4211,0,0.00,22028,230,9670960.000,4204,4206,4190,4180,4220,4180,4214,4215,4217,4218,4220,1,12,4,1,1,4211,4210,4209,4208,4207,1,2,1,1,2,0
2017-01-03 09:06:10,4211,0,0.00,22028,230,9670960.000,4204,4206,4190,4180,4220,4180,4214,4215,4217,4218,4220,1,12,4,1,1,4211,4210,4209,4208,4207,2,2,1,1,2,0
2017-01-03 09:06:13,4211,0,0.00,22028,230,9670960.000,4204,4206,4190,4180,4220,4180,4214,4215,4216,4217,4218,1,10,2,4,1,4211,4210,4209,4208,4207,1,2,1,1,2,0
2017-01-03 09:06:16,4211,0,0.00,22028,230,9670960.000,4204,4206,4190,4180,4220,4180,4214,4215,4216,4217,4218,1,10,2,4,1,4211,4210,4209,4208,4207,2,2,1,1,2,0
2017-01-03 09:06:17,4211,0,0.00,22028,230,9670960.000,4204,4206,4190,4180,4220,4180,4214,4215,4216,4217,4218,1,10,2,4,1,4211,4210,4209,4208,4207,1,2,1,1,2,0
2017-01-03 09:06:17,4214,2,84280.00,22026,232,9755240.000,4204,4206,4190,4180,4220,4180,4215,4217,4218,4220,4221,10,7,1,1,4,4214,4211,4210,4209,4208,7,1,2,1,1,1
2017-01-03 09:06:20,4215,18,758700.00,22042,250,10513940.000,4205,4206,4190,4180,4220,4180,4215,4217,4218,4220,4221,1,4,4,1,5,4214,4213,4211,4210,4209,6,9,1,2,1,1
2017-01-03 09:06:21,4215,0,0.00,22042,250,10513940.000,4205,4206,4190,4180,4220,4180,4215,4216,4217,4218,4220,1,3,4,1,1,4214,4212,4211,4210,4209,5,9,1,2,1,1
2017-01-03 09:06:22,4215,0,0.00,22042,250,10513940.000,4205,4206,4190,4180,4220,4180,4215,4217,4218,4220,4221,2,4,1,1,5,4214,4211,4210,4209,4208,5,10,2,1,1,1
2017-01-03 09:06:23,4215,0,0.00,22042,250,10513940.000,4205,4206,4190,4180,4220,4180,4215,4217,4218,4220,4221,4,4,1,1,5,4214,4211,4210,4209,4208,5,10,2,1,1,1
2017-01-03 09:06:23,4215,0,0.00,22042,250,10513940.000,4205,4206,4190,4180,4220,4180,4215,4216,4217,4218,4220,1,3,4,1,1,4214,4212,4211,4210,4209,5,2,1,2,1,1
2017-01-03 09:06:24,4215,0,0.00,22042,250,10513940.000,4205,4206,4190,4180,4220,4180,4215,4217,4218,4220,4221,3,4,1,1,4,4214,4211,4210,4209,4208,5,10,2,1,1,1
2017-01-03 09:06:24,4215,0,0.00,22042,250,10513940.000,4205,4206,4190,4180,4220,4180,4215,4216,4217,4218,4220,1,3,4,1,1,4214,4212,4211,4210,4209,5,1,1,2,1,1
2017-01-03 09:06:25,4215,2,84300.00,22042,252,10598240.000,4205,4206,4190,4180,4220,4180,4217,4218,4220,4221,4222,7,1,1,4,3,4214,4213,4211,4210,4209,5,9,1,2,1,0
2017-01-03 09:06:27,4215,0,0.00,22042,252,10598240.000,4205,4206,4190,4180,4220,4180,4217,4218,4220,4221,4222,5,1,1,4,3,4214,4213,4211,4210,4209,5,9,1,2,1,0
2017-01-03 09:06:29,4215,0,0.00,22042,252,10598240.000,4205,4206,4190,4180,4220,4180,4217,4218,4220,4221,4222,6,1,1,4,3,4214,4213,4211,4210,4209,5,9,1,2,1,0
2017-01-03 09:06:29,4215,0,0.00,22042,252,10598240.000,4205,4206,4190,4180,4220,4180,4217,4218,4220,4221,4222,7,1,1,4,3,4214,4213,4211,4210,4209,5,9,1,2,1,0
2017-01-03 09:06:29,4215,0,0.00,22042,252,10598240.000,4205,4206,4190,4180,4220,4180,4217,4218,4220,4221,4222,4,1,1,4,3,4214,4212,4211,4210,4209,5,9,1,2,1,0
2017-01-03 09:06:34,4215,0,0.00,22042,252,10598240.000,4205,4206,4190,4180,4220,4180,4217,4218,4220,4221,4222,4,1,1,4,3,4211,4210,4209,4208,4207,1,2,1,1,2,0
2017-01-03 09:06:35,4215,0,0.00,22042,252,10598240.000,4205,4206,4190,4180,4220,4180,4217,4218,4220,4221,4222,4,1,1,4,3,4211,4210,4209,4208,4207,10,2,1,1,2,0
2017-01-03 09:06:37,4215,0,0.00,22042,252,10598240.000,4205,4206,4190,4180,4220,4180,4217,4218,4220,4221,4222,4,1,1,4,3,4211,4210,4209,4208,4207,1,2,1,1,2,0
2017-01-03 09:06:38,4215,0,0.00,22042,252,10598240.000,4205,4206,4190,4180,4220,4180,4217,4218,4220,4221,4222,7,1,1,4,3,4211,4210,4209,4208,4207,1,2,1,1,2,0
2017-01-03 09:06:38,4213,2,84260.00,22044,254,10682500.000,4205,4206,4190,4180,4220,4180,4217,4218,4220,4221,4222,7,1,1,4,3,4211,4210,4209,4208,4207,1,2,1,1,2,0
2017-01-03 09:06:39,4217,10,421700.00,22046,264,11104200.000,4206,4206,4190,4180,4220,4180,4218,4220,4221,4222,4225,1,1,4,3,3,4211,4210,4209,4208,4207,2,2,1,1,2,1
2017-01-03 09:06:47,4217,0,0.00,22046,264,11104200.000,4206,4206,4190,4180,4220,4180,4218,4220,4221,4222,4225,3,1,4,2,3,4211,4210,4209,4208,4207,2,2,1,1,2,0
2017-01-03 09:06:51,4212,2,84240.00,22046,266,11188440.000,4206,4206,4190,4180,4220,4180,4218,4220,4221,4222,4225,3,1,4,2,3,4211,4210,4209,4208,4207,10,2,1,1,2,0
2017-01-03 09:06:51,4212,0,0.00,22046,266,11188440.000,4206,4206,4190,4180,4220,4180,4218,4220,4221,4222,4225,3,1,4,2,3,4212,4211,4210,4209,4208,11,10,2,1,1,0
2017-01-03 09:06:52,4212,0,0.00,22046,266,11188440.000,4206,4206,4190,4180,4220,4180,4218,4220,4221,4222,4225,3,1,4,2,3,4213,4212,4211,4210,4209,1,11,10,2,1,0
2017-01-03 09:06:55,4212,0,0.00,22046,266,11188440.000,4206,4206,4190,4180,4220,4180,4218,4220,4221,4222,4225,1,1,4,2,3,4213,4212,4211,4210,4209,1,9,12,2,1,0
2017-01-03 09:06:57,4213,2,84260.00,22046,268,11272700.000,4206,4206,4190,4180,4220,4180,4218,4220,4221,4222,4225,1,2,4,2,3,4212,4211,4210,4209,4208,1,12,2,9,1,1
2017-01-03 09:06:57,4213,0,0.00,22046,268,11272700.000,4206,4206,4190,4180,4220,4180,4214,4217,4218,4220,4221,1,2,1,2,4,4212,4211,4210,4209,4208,1,12,2,9,1,0
2017-01-03 09:06:58,4213,0,0.00,22046,268,11272700.000,4206,4206,4190,4180,4220,4180,4214,4217,4218,4220,4221,1,2,1,2,4,4212,4211,4210,4209,4208,2,12,2,9,1,0
2017-01-03 09:06:58,4213,0,0.00,22046,268,11272700.000,4206,4206,4190,4180,4220,4180,4214,4217,4218,4220,4221,2,2,1,2,4,4212,4211,4210,4209,4208,1,12,2,9,1,0
2017-01-03 09:07:01,4213,0,0.00,22046,268,11272700.000,4206,4206,4190,4180,4220,4180,4214,4218,4220,4221,4222,2,3,2,4,2,4212,4211,4210,4209,4208,2,2,2,9,1,0
2017-01-03 09:07:01,4213,0,0.00,22046,268,11272700.000,4206,4206,4190,4180,4220,4180,4214,4218,4220,4221,4222,5,3,2,4,2,4212,4211,4210,4209,4208,5,2,2,9,1,0
2017-01-03 09:07:02,4213,0,0.00,22046,268,11272700.000,4206,4206,4190,4180,4220,4180,4214,4218,4220,4221,4222,2,3,2,4,2,4212,4211,4210,4209,4208,5,2,2,9,1,0
2017-01-03 09:07:02,4213,0,0.00,22046,268,11272700.000,4206,4206,4190,4180,4220,4180,4214,4217,4218,4220,4221,5,2,1,2,4,4212,4211,4210,4209,4208,2,12,4,1,1,0
2017-01-03 09:07:02,4213,0,0.00,22046,268,11272700.000,4206,4206,4190,4180,4220,4180,4214,4217,4218,4220,4221,2,2,1,2,4,4212,4211,4210,4209,4208,3,12,2,4,1,0
2017-01-03 09:07:03,4212,6,252720.00,22050,274,11525420.000,4206,4206,4190,4180,4220,4180,4214,4217,4218,4220,4221,20,2,1,2,4,4211,4210,4209,4208,4207,2,3,1,1,2,0
2017-01-03 09:07:04,4212,0,0.00,22050,274,11525420.000,4206,4206,4190,4180,4220,4180,4214,4217,4218,4220,4221,3,2,1,2,4,4211,4210,4209,4208,4207,2,2,3,1,2,0
2017-01-03 09:07:05,4212,0,0.00,22050,274,11525420.000,4206,4206,4190,4180,4220,4180,4214,4218,4220,4221,4222,2,3,2,4,4,4211,4210,4209,4208,4207,2,2,1,3,2,0
2017-01-03 09:07:06,4211,2,84220.00,22052,276,11609640.000,4206,4206,4190,4180,4220,4180,4214,4218,4220,4221,4222,2,3,2,4,4,4211,4210,4209,4208,4207,1,2,1,3,2,0
2017-01-03 09:07:08,4211,2,84220.00,22050,278,11693860.000,4206,4206,4190,4180,4220,4180,4214,4217,4218,4219,4220,2,3,1,2,2,4210,4209,4208,4207,4206,2,1,1,3,1,0
2017-01-03 09:07:09,4211,0,0.00,22050,278,11693860.000,4206,4206,4190,4180,4220,4180,4214,4217,4218,4219,4220,2,3,1,2,2,4210,4209,4208,4207,4206,1,1,1,4,1,0
2017-01-03 09:07:11,4210,2,84200.00,22050,280,11778060.000,4206,4206,4190,4180,4220,4180,4214,4217,4218,4219,4220,2,3,1,2,2,4209,4208,4207,4206,4205,1,1,4,1,1,0
2017-01-03 09:07:16,4212,10,421120.00,22050,290,12199180.000,4206,4206,4190,4180,4220,4180,4214,4217,4218,4220,4221,2,3,3,2,4,4209,4208,4207,4206,4205,1,3,2,1,1,1
2017-01-03 09:07:23,4209,2,84180.00,22050,292,12283360.000,4206,4206,4190,4180,4220,4180,4214,4217,4218,4220,4221,2,3,1,2,4,4208,4207,4206,4205,4203,1,2,1,8,2,0
2017-01-03 09:07:28,4208,2,84160.00,22048,294,12367520.000,4206,4206,4190,4180,4220,4180,4214,4217,4218,4220,4221,2,3,1,2,4,4207,4206,4205,4204,4203,2,1,1,4,2,0
2017-01-03 09:07:28,4208,0,0.00,22048,294,12367520.000,4206,4206,4190,4180,4220,4180,4213,4214,4217,4218,4220,2,2,3,1,2,4207,4206,4205,4204,4203,2,1,1,4,2,0
2017-01-03 09:07:28,4207,4,168280.00,22046,298,12535800.000,4206,4206,4190,4180,4220,4180,4212,4213,4214,4217,4218,1,3,2,3,1,4206,4205,4204,4203,4199,1,1,1,2,3,0
2017-01-03 09:07:28,4207,0,0.00,22046,298,12535800.000,4206,4206,4190,4180,4220,4180,4212,4213,4214,4217,4218,2,3,2,3,1,4206,4205,4204,4203,4199,1,1,1,2,3,0
2017-01-03 09:07:29,4205,4,168220.00,22050,302,12704020.000,4206,4206,4190,4180,4220,4180,4212,4213,4214,4217,4218,2,3,2,3,1,4203,4202,4199,4198,4195,2,1,3,1,4,0
2017-01-03 09:07:29,4205,0,0.00,22050,302,12704020.000,4206,4206,4190,4180,4220,4180,4212,4213,4214,4217,4218,2,3,2,3,1,4203,4199,4198,4195,4193,3,3,1,4,1,0
2017-01-03 09:07:29,4205,0,0.00,22050,302,12704020.000,4206,4206,4190,4180,4220,4180,4212,4213,4214,4217,4218,2,3,2,3,1,4203,4201,4199,4198,4195,2,2,3,1,4,0
2017-01-03 09:07:30,4205,0,0.00,22050,302,12704020.000,4206,4206,4190,4180,4220,4180,4211,4212,4213,4214,4217,7,2,3,2,3,4203,4201,4199,4198,4195,2,2,3,1,4,0
2017-01-03 09:07:31,4205,0,0.00,22050,302,12704020.000,4206,4206,4190,4180,4220,4180,4210,4211,4212,4213,4214,1,7,2,3,2,4203,4201,4199,4198,4195,2,2,3,1,4,0
2017-01-03 09:07:31,4205,0,0.00,22050,302,12704020.000,4206,4206,4190,4180,4220,4180,4210,4211,4212,4213,4214,2,7,2,3,2,4203,4201,4199,4198,4195,2,2,3,1,4,0
2017-01-03 09:07:34,4205,0,0.00,22050,302,12704020.000,4206,4206,4190,4180,4220,4180,4210,4211,4212,4213,4214,2,7,2,2,2,4203,4199,4195,4193,4191,4,3,4,1,4,0
2017-01-03 09:07:35,4205,0,0.00,22050,302,12704020.000,4206,4206,4190,4180,4220,4180,4210,4211,4212,4213,4214,2,1,2,2,2,4203,4199,4195,4193,4191,2,3,4,1,4,0
2017-01-03 09:07:35,4205,0,0.00,22050,302,12704020.000,4206,4206,4190,4180,4220,4180,4210,4211,4212,4213,4214,2,1,2,2,2,4203,4199,4195,4193,4191,4,3,4,1,4,0
2017-01-03 09:07:35,4205,0,0.00,22050,302,12704020.000,4206,4206,4190,4180,4220,4180,4210,4211,4212,4213,4214,2,1,2,2,2,4203,4202,4199,4195,4193,2,2,3,4,1,0
2017-01-03 09:07:36,4205,0,0.00,22050,302,12704020.000,4206,4206,4190,4180,4220,4180,4210,4211,4212,4213,4214,2,1,2,2,2,4203,4199,4195,4193,4191,4,3,4,1,4,0
2017-01-03 09:07:41,4205,0,0.00,22050,302,12704020.000,4206,4206,4190,4180,4220,4180,4210,4211,4212,4213,4214,2,1,2,2,2,4203,4199,4195,4193,4191,2,3,4,1,4,0
2017-01-03 09:07:43,4205,0,0.00,22050,302,12704020.000,4206,4206,4190,4180,4220,4180,4210,4211,4212,4213,4214,2,1,2,2,2,4206,4203,4199,4195,4193,3,2,3,4,1,0
2017-01-03 09:07:44,4205,0,0.00,22050,302,12704020.000,4206,4206,4190,4180,4220,4180,4210,4211,4212,4213,4214,2,1,2,2,2,4203,4199,4195,4193,4191,2,3,5,1,4,0
2017-01-03 09:07:46,4205,0,0.00,22050,302,12704020.000,4206,4206,4190,4180,4220,4180,4210,4211,4212,4213,4214,2,1,2,2,2,4206,4203,4199,4195,4193,3,2,3,5,1,0
2017-01-03 09:07:46,4205,0,0.00,22050,302,12704020.000,4206,4206,4190,4180,4220,4180,4210,4211,4212,4213,4214,2,1,2,2,2,4206,4205,4203,4199,4195,1,2,2,3,5,0
2017-01-03 09:07:46,4205,0,0.00,22050,302,12704020.000,4206,4206,4190,4180,4220,4180,4210,4211,4212,4213,4214,2,1,2,2,2,4203,4199,4195,4193,4191,2,3,5,1,4,0
2017-01-03 09:07:47,4205,0,0.00,22050,302,12704020.000,4206,4206,4190,4180,4220,4180,4208,4209,4210,4211,4212,2,5,2,1,2,4203,4199,4195,4193,4191,2,3,5,1,4,0
2017-01-03 09:07:48,4205,0,0.00,22050,302,12704020.000,4206,4206,4190,4180,4220,4180,4208,4209,4210,4211,4212,2,8,2,1,2,4205,4203,4199,4195,4193,3,2,3,5,1,0
2017-01-03 09:07:48,4205,0,0.00,22050,302,12704020.000,4206,4206,4190,4180,4220,4180,4208,4209,4210,4211,4212,3,3,2,1,2,4203,4199,4195,4193,4191,2,3,5,1,4,0
2017-01-03 09:07:49,4205,0,0.00,22050,302,12704020.000,4206,4206,4190,4180,4220,4180,4208,4209,4210,4211,4212,3,8,2,1,2,4206,4203,4199,4195,4193,3,2,3,5,1,0
2017-01-03 09:07:49,4205,0,0.00,22050,302,12704020.000,4206,4206,4190,4180,4220,4180,4208,4209,4210,4211,4212,2,8,2,1,2,4206,4203,4199,4195,4193,3,2,3,5,1,0
2017-01-03 09:07:50,4205,0,0.00,22050,302,12704020.000,4206,4206,4190,4180,4220,4180,4208,4209,4210,4211,4212,3,8,2,1,2,4206,4203,4199,4195,4193,3,2,3,5,1,0
2017-01-03 09:07:52,4205,0,0.00,22050,302,12704020.000,4206,4206,4190,4180,4220,4180,4208,4209,4210,4211,4212,8,3,2,1,2,4206,4205,4203,4199,4195,1,2,2,3,5,0
2017-01-03 09:07:52,4205,0,0.00,22050,302,12704020.000,4206,4206,4190,4180,4220,4180,4208,4209,4210,4211,4212,8,3,2,1,2,4203,4199,4195,4193,4191,2,3,5,1,4,0
2017-01-03 09:07:53,4205,0,0.00,22050,302,12704020.000,4206,4206,4190,4180,4220,4180,4208,4209,4210,4211,4212,8,3,2,1,2,4205,4203,4199,4195,4193,3,2,3,5,1,0
2017-01-03 09:07:56,4205,0,0.00,22050,302,12704020.000,4206,4206,4190,4180,4220,4180,4208,4209,4210,4211,4212,8,3,2,1,2,4203,4199,4195,4193,4191,2,3,5,1,4,0
2017-01-03 09:07:59,4205,0,0.00,22050,302,12704020.000,4206,4206,4190,4180,4220,4180,4208,4209,4210,4211,4212,3,3,2,1,2,4203,4199,4195,4193,4191,4,3,5,1,4,0
2017-01-03 09:07:59,4205,0,0.00,22050,302,12704020.000,4206,4206,4190,4180,4220,4180,4208,4209,4210,4211,4212,3,3,2,1,2,4203,4199,4195,4193,4191,2,3,5,1,4,0
2017-01-03 09:08:00,4205,0,0.00,22050,302,12704020.000,4206,4206,4190,4180,4220,4180,4208,4209,4210,4211,4212,8,3,2,1,2,4203,4199,4195,4193,4191,2,3,5,1,4,0
2017-01-03 09:08:01,4205,0,0.00,22050,302,12704020.000,4206,4206,4190,4180,4220,4180,4208,4209,4210,4211,4212,3,3,2,1,2,4203,4199,4195,4193,4191,2,3,5,1,4,0
2017-01-03 09:08:01,4205,0,0.00,22050,302,12704020.000,4206,4206,4190,4180,4220,4180,4208,4209,4210,4211,4212,8,3,2,1,2,4203,4199,4195,4193,4191,2,3,5,1,4,0
2017-01-03 09:08:02,4205,0,0.00,22050,302,12704020.000,4206,4206,4190,4180,4220,4180,4208,4209,4210,4211,4212,8,3,2,1,2,4205,4203,4199,4195,4193,3,2,3,5,1,0
2017-01-03 09:08:03,4205,0,0.00,22050,302,12704020.000,4206,4206,4190,4180,4220,4180,4208,4209,4210,4211,4212,3,3,2,1,2,4205,4204,4203,4199,4195,1,2,2,3,5,0
2017-01-03 09:08:03,4205,0,0.00,22050,302,12704020.000,4206,4206,4190,4180,4220,4180,4208,4209,4210,4211,4212,3,3,2,1,2,4203,4199,4195,4193,4191,2,3,5,1,4,0
2017-01-03 09:08:06,4205,0,0.00,22050,302,12704020.000,4206,4206,4190,4180,4220,4180,4208,4209,4210,4211,4212,8,3,2,1,2,4203,4199,4195,4193,4191,2,3,5,1,4,0
2017-01-03 09:08:06,4205,0,0.00,22050,302,12704020.000,4206,4206,4190,4180,4220,4180,4208,4209,4210,4211,4212,8,3,2,1,2,4205,4203,4199,4195,4193,3,2,3,5,1,0
2017-01-03 09:08:06,4205,0,0.00,22050,302,12704020.000,4206,4206,4190,4180,4220,4180,4208,4209,4210,4211,4212,3,3,2,1,2,4203,4199,4195,4193,4191,4,3,5,1,4,0
2017-01-03 09:08:07,4205,0,0.00,22050,302,12704020.000,4206,4206,4190,4180,4220,4180,4208,4209,4210,4211,4212,3,3,2,1,2,4203,4199,4195,4193,4191,2,3,5,1,4,0
2017-01-03 09:08:07,4205,0,0.00,22050,302,12704020.000,4206,4206,4190,4180,4220,4180,4208,4209,4210,4211,4212,8,3,2,1,2,4203,4199,4195,4193,4191,2,3,5,1,4,0
2017-01-03 09:08:07,4205,0,0.00,22050,302,12704020.000,4206,4206,4190,4180,4220,4180,4208,4209,4210,4211,4212,8,3,2,1,2,4205,4203,4199,4195,4193,3,2,3,5,1,0
2017-01-03 09:08:08,4205,0,0.00,22050,302,12704020.000,4206,4206,4190,4180,4220,4180,4208,4209,4210,4211,4212,8,3,2,1,2,4205,4204,4203,4199,4195,1,2,2,3,5,0
2017-01-03 09:08:08,4205,0,0.00,22050,302,12704020.000,4206,4206,4190,4180,4220,4180,4208,4209,4210,4211,4212,8,3,2,1,2,4203,4199,4195,4193,4191,2,3,5,1,4,0
2017-01-03 09:08:08,4205,0,0.00,22050,302,12704020.000,4206,4206,4190,4180,4220,4180,4208,4209,4210,4211,4212,3,3,2,1,2,4203,4199,4195,4193,4191,2,3,5,1,4,0
2017-01-03 09:08:09,4205,0,0.00,22050,302,12704020.000,4206,4206,4190,4180,4220,4180,4208,4209,4210,4211,4212,8,3,2,1,2,4203,4199,4195,4193,4191,2,3,5,1,4,0
2017-01-03 09:08:10,4205,0,0.00,22050,302,12704020.000,4206,4206,4190,4180,4220,4180,4208,4209,4210,4211,4212,3,3,2,1,2,4203,4199,4195,4193,4191,2,3,5,1,4,0
2017-01-03 09:08:10,4205,0,0.00,22050,302,12704020.000,4206,4206,4190,4180,4220,4180,4208,4209,4210,4211,4212,8,3,2,1,2,4203,4199,4195,4193,4191,2,3,5,1,4,0
2017-01-03 09:08:11,4205,0,0.00,22050,302,12704020.000,4206,4206,4190,4180,4220,4180,4208,4209,4210,4211,4212,3,3,2,1,2,4203,4199,4195,4193,4191,2,3,5,1,4,0
2017-01-03 09:08:14,4205,0,0.00,22050,302,12704020.000,4206,4206,4190,4180,4220,4180,4208,4209,4210,4211,4212,3,3,2,1,2,4203,4199,4195,4193,4191,4,3,5,1,4,0
2017-01-03 09:08:15,4205,0,0.00,22050,302,12704020.000,4206,4206,4190,4180,4220,4180,4208,4209,4210,4211,4212,3,3,2,1,2,4203,4199,4195,4193,4191,2,3,5,1,4,0
2017-01-03 09:08:16,4205,0,0.00,22050,302,12704020.000,4206,4206,4190,4180,4220,4180,4208,4209,4210,4211,4212,3,3,2,1,2,4203,4202,4199,4195,4193,4,1,3,5,1,0
2017-01-03 09:08:16,4205,0,0.00,22050,302,12704020.000,4206,4206,4190,4180,4220,4180,4208,4209,4210,4211,4212,3,3,2,1,2,4203,4202,4199,4195,4193,2,1,3,5,1,0
2017-01-03 09:08:18,4205,0,0.00,22050,302,12704020.000,4206,4206,4190,4180,4220,4180,4208,4209,4210,4211,4212,3,3,2,1,2,4203,4202,4199,4195,4193,4,1,3,5,1,0
2017-01-03 09:08:19,4205,0,0.00,22050,302,12704020.000,4206,4206,4190,4180,4220,4180,4208,4209,4210,4211,4212,3,3,2,1,2,4203,4202,4199,4195,4193,2,1,3,5,1,0
2017-01-03 09:08:20,4205,0,0.00,22050,302,12704020.000,4206,4206,4190,4180,4220,4180,4208,4209,4210,4211,4212,3,3,2,1,2,4203,4202,4199,4195,4193,4,1,3,5,1,0
2017-01-03 09:08:23,4205,0,0.00,22050,302,12704020.000,4206,4206,4190,4180,4220,4180,4208,4209,4210,4211,4212,3,3,2,1,2,4203,4202,4199,4195,4193,2,1,3,5,1,0
2017-01-03 09:08:27,4205,0,0.00,22050,302,12704020.000,4206,4206,4190,4180,4220,4180,4208,4209,4210,4211,4212,8,3,2,1,2,4203,4202,4199,4195,4193,2,1,3,5,1,0
2017-01-03 09:08:28,4205,0,0.00,22050,302,12704020.000,4206,4206,4190,4180,4220,4180,4208,4209,4210,4211,4212,8,3,2,1,2,4205,4204,4203,4202,4199,1,2,2,1,3,0
2017-01-03 09:08:29,4205,0,0.00,22050,302,12704020.000,4206,4206,4190,4180,4220,4180,4208,4209,4210,4211,4212,8,3,2,1,2,4205,4203,4202,4199,4195,3,2,1,3,5,0
2017-01-03 09:08:29,4205,0,0.00,22050,302,12704020.000,4206,4206,4190,4180,4220,4180,4208,4209,4210,4211,4212,8,3,2,1,2,4205,4204,4203,4202,4199,1,2,2,1,3,0
2017-01-03 09:08:30,4205,0,0.00,22050,302,12704020.000,4206,4206,4190,4180,4220,4180,4208,4209,4210,4211,4212,8,3,2,1,2,4205,4203,4202,4199,4195,3,2,1,3,5,0
2017-01-03 09:08:30,4205,0,0.00,22050,302,12704020.000,4206,4206,4190,4180,4220,4180,4208,4209,4210,4211,4212,8,3,2,1,2,4205,4204,4203,4202,4199,1,2,2,1,3,0
2017-01-03 09:08:31,4205,0,0.00,22050,302,12704020.000,4206,4206,4190,4180,4220,4180,4208,4209,4210,4211,4212,8,3,2,1,2,4205,4203,4202,4199,4195,3,2,1,3,5,0
2017-01-03 09:08:32,4205,0,0.00,22050,302,12704020.000,4206,4206,4190,4180,4220,4180,4208,4209,4210,4211,4212,3,3,2,1,2,4203,4202,4199,4195,4193,4,1,3,5,1,0
2017-01-03 09:08:37,4205,0,0.00,22050,302,12704020.000,4206,4206,4190,4180,4220,4180,4208,4209,4210,4211,4212,3,3,2,1,2,4203,4202,4199,4195,4193,2,1,3,5,1,0
2017-01-03 09:08:39,4205,0,0.00,22050,302,12704020.000,4206,4206,4190,4180,4220,4180,4208,4209,4210,4211,4212,3,3,2,1,2,4203,4202,4199,4195,4193,4,1,3,5,1,0
2017-01-03 09:08:41,4205,0,0.00,22050,302,12704020.000,4206,4206,4190,4180,4220,4180,4208,4209,4210,4211,4212,3,3,2,1,2,4203,4202,4199,4195,4193,2,1,3,5,1,0
2017-01-03 09:08:45,4205,0,0.00,22050,302,12704020.000,4206,4206,4190,4180,4220,4180,4208,4209,4210,4211,4212,3,3,2,1,2,4203,4202,4199,4195,4193,4,1,3,5,1,0
2017-01-03 09:08:45,4205,0,0.00,22050,302,12704020.000,4206,4206,4190,4180,4220,4180,4208,4209,4210,4211,4212,3,3,2,1,2,4203,4202,4199,4195,4193,2,1,3,5,1,0
2017-01-03 09:08:46,4205,0,0.00,22050,302,12704020.000,4206,4206,4190,4180,4220,4180,4208,4209,4210,4211,4212,3,3,2,1,2,4203,4202,4199,4195,4193,4,1,3,5,1,0
2017-01-03 09:08:46,4205,0,0.00,22050,302,12704020.000,4206,4206,4190,4180,4220,4180,4208,4209,4210,4211,4212,3,3,2,1,2,4203,4202,4199,4195,4193,2,1,3,5,1,0
2017-01-03 09:08:46,4205,0,0.00,22050,302,12704020.000,4206,4206,4190,4180,4220,4180,4208,4209,4210,4211,4212,3,3,2,1,2,4203,4202,4199,4195,4193,4,1,3,5,1,0
2017-01-03 09:08:56,4205,0,0.00,22050,302,12704020.000,4206,4206,4190,4180,4220,4180,4208,4209,4210,4211,4212,3,3,2,1,2,4203,4202,4199,4195,4193,2,1,3,5,1,0
2017-01-03 09:09:06,4205,0,0.00,22050,302,12704020.000,4206,4206,4190,4180,4220,4180,4208,4209,4210,4211,4212,3,3,2,1,2,4203,4202,4199,4195,4193,4,1,3,5,1,0
2017-01-03 09:09:07,4205,0,0.00,22050,302,12704020.000,4206,4206,4190,4180,4220,4180,4208,4209,4210,4211,4212,3,3,2,1,2,4203,4202,4200,4199,4195,2,3,10,3,5,0
2017-01-03 09:09:11,4205,0,0.00,22050,302,12704020.000,4206,4206,4190,4180,4220,4180,4208,4209,4210,4211,4212,3,3,2,1,2,4203,4202,4200,4199,4195,1,3,10,3,5,0
2017-01-03 09:09:15,4205,0,0.00,22050,302,12704020.000,4206,4206,4190,4180,4220,4180,4208,4209,4210,4211,4212,3,3,2,1,2,4203,4202,4200,4199,4195,2,3,10,3,5,0
2017-01-03 09:09:16,4202,6,252160.00,22052,308,12956180.000,4206,4206,4190,4180,4220,4180,4201,4202,4208,4209,4210,1,4,3,3,2,4200,4199,4195,4193,4191,10,5,5,1,3,0
2017-01-03 09:09:17,4200,4,168040.00,22050,312,13124220.000,4206,4206,4190,4180,4220,4180,4202,4208,4209,4210,4211,4,3,13,2,11,4200,4199,4195,4193,4191,9,5,5,1,3,0
2017-01-03 09:09:17,4202,2,84040.00,22048,314,13208260.000,4206,4206,4190,4180,4220,4180,4202,4203,4207,4208,4209,1,3,10,3,13,4200,4199,4198,4195,4193,9,3,2,5,1,1
2017-01-03 09:09:17,4200,6,252000.00,22054,320,13460260.000,4206,4206,4190,4180,4220,4180,4202,4203,4208,4209,4210,1,3,3,3,2,4200,4199,4197,4195,4193,6,3,2,5,1,0
2017-01-03 09:09:17,4200,0,0.00,22054,320,13460260.000,4206,4206,4190,4180,4220,4180,4202,4203,4208,4209,4210,14,3,13,3,12,4200,4199,4197,4195,4193,6,3,2,5,1,0
2017-01-03 09:09:18,4200,0,0.00,22054,320,13460260.000,4206,4206,4190,4180,4220,4180,4202,4203,4208,4209,4210,4,3,13,3,12,4200,4199,4197,4195,4193,6,3,2,5,1,0
2017-01-03 09:09:18,4200,0,0.00,22054,320,13460260.000,4206,4206,4190,4180,4220,4180,4202,4203,4208,4209,4210,5,3,13,3,12,4200,4199,4197,4195,4193,6,3,2,5,1,0
2017-01-03 09:09:18,4200,0,0.00,22054,320,13460260.000,4206,4206,4190,4180,4220,4180,4202,4203,4208,4209,4210,1,14,13,3,12,4200,4199,4195,4193,4191,6,5,5,1,3,0
2017-01-03 09:09:19,4200,0,0.00,22054,320,13460260.000,4206,4206,4190,4180,4220,4180,4203,4208,4209,4210,4211,3,13,3,12,1,4200,4199,4198,4195,4193,6,3,2,5,1,0
2017-01-03 09:09:19,4200,0,0.00,22054,320,13460260.000,4206,4206,4190,4180,4220,4180,4203,4208,4209,4210,4211,14,13,3,12,1,4200,4199,4195,4193,4191,6,5,5,1,3,0
2017-01-03 09:09:19,4200,0,0.00,22054,320,13460260.000,4206,4206,4190,4180,4220,4180,4203,4208,4209,4210,4211,16,3,3,2,1,4200,4199,4195,4193,4191,6,5,5,1,3,0
2017-01-03 09:09:19,4200,0,0.00,22054,320,13460260.000,4206,4206,4190,4180,4220,4180,4203,4208,4209,4210,4211,12,3,3,2,1,4200,4199,4195,4193,4191,6,5,5,1,3,0
2017-01-03 09:09:20,4200,0,0.00,22054,320,13460260.000,4206,4206,4190,4180,4220,4180,4203,4208,4209,4210,4211,13,3,3,2,1,4200,4199,4195,4193,4191,6,5,5,1,3,0
2017-01-03 09:09:20,4200,10,420000.00,22054,330,13880260.000,4206,4206,4190,4180,4220,4180,4203,4208,4209,4210,4211,13,3,3,2,1,4200,4199,4195,4193,4191,1,5,5,1,3,0
2017-01-03 09:09:20,4200,0,0.00,22054,330,13880260.000,4206,4206,4190,4180,4220,4180,4203,4208,4209,4210,4211,11,3,3,2,1,4200,4199,4195,4193,4191,1,5,5,1,3,0
2017-01-03 09:09:21,4200,0,0.00,22054,330,13880260.000,4206,4206,4190,4180,4220,4180,4203,4208,4209,4210,4211,10,3,3,2,1,4200,4199,4195,4193,4191,1,5,5,1,3,0
2017-01-03 09:09:21,4200,2,84000.00,22054,332,13964260.000,4206,4206,4190,4180,4220,4180,4200,4203,4208,4209,4210,7,10,3,3,2,4199,4195,4193,4191,4190,5,5,1,3,1,1
2017-01-03 09:09:21,4200,2,84000.00,22052,334,14048260.000,4206,4206,4190,4180,4220,4180,4200,4203,4208,4209,4210,6,9,3,3,2,4199,4195,4193,4191,4190,5,5,1,3,1,1
2017-01-03 09:09:22,4200,8,336000.00,22048,342,14384260.000,4205,4206,4190,4180,4220,4180,4200,4203,4208,4209,4210,2,5,3,3,2,4199,4195,4193,4191,4190,13,5,1,3,1,1
2017-01-03 09:09:22,4200,0,0.00,22048,342,14384260.000,4205,4206,4190,4180,4220,4180,4200,4203,4208,4209,4210,2,5,3,3,2,4199,4195,4193,4191,4190,10,5,1,3,1,1
2017-01-03 09:09:22,4200,0,0.00,22048,342,14384260.000,4205,4206,4190,4180,4220,4180,4200,4203,4208,4209,4210,2,5,3,3,2,4199,4195,4193,4191,4190,6,5,1,3,1,1
2017-01-03 09:09:23,4200,0,0.00,22048,342,14384260.000,4205,4206,4190,4180,4220,4180,4200,4203,4208,4209,4210,2,5,3,3,2,4199,4195,4193,4191,4190,2,5,1,3,1,1
2017-01-03 09:09:23,4200,2,84000.00,22046,344,14468260.000,4205,4206,4190,4180,4220,4180,4200,4202,4203,4208,4209,1,1,3,3,3,4199,4198,4195,4193,4191,1,13,5,1,3,1
2017-01-03 09:09:23,4199,16,671840.00,22042,360,15140100.000,4205,4206,4190,4180,4220,4180,4200,4203,4208,4209,4210,3,3,3,3,2,4195,4193,4191,4190,4188,5,1,3,1,1,0
2017-01-03 09:09:23,4199,0,0.00,22042,360,15140100.000,4205,4206,4190,4180,4220,4180,4200,4203,4208,4209,4210,4,3,3,3,2,4195,4193,4191,4190,4188,1,1,3,1,1,0
2017-01-03 09:09:27,4199,0,0.00,22042,360,15140100.000,4205,4206,4190,4180,4220,4180,4200,4203,4208,4209,4210,3,3,3,3,2,4195,4193,4191,4190,4188,1,1,3,1,1,0
2017-01-03 09:09:29,4199,0,0.00,22042,360,15140100.000,4205,4206,4190,4180,4220,4180,4200,4201,4203,4208,4209,1,2,3,3,3,4195,4193,4191,4190,4188,1,1,3,1,1,0
2017-01-03 09:09:34,4199,0,0.00,22042,360,15140100.000,4205,4206,4190,4180,4220,4180,4200,4201,4203,4208,4209,1,2,3,3,3,4195,4193,4191,4190,4189,6,1,3,1,1,0
2017-01-03 09:09:37,4199,0,0.00,22042,360,15140100.000,4205,4206,4190,4180,4220,4180,4200,4201,4203,4208,4209,1,2,3,3,3,4195,4193,4191,4190,4189,8,1,3,1,1,0
2017-01-03 09:09:39,4199,0,0.00,22042,360,15140100.000,4205,4206,4190,4180,4220,4180,4200,4201,4203,4208,4209,1,2,3,3,3,4196,4195,4193,4191,4190,1,8,1,3,1,0
2017-01-03 09:09:49,4199,2,83980.00,22040,362,15224080.000,4205,4206,4190,4180,4220,4180,4200,4202,4203,4208,4209,1,7,3,3,3,4196,4195,4193,4191,4190,1,8,1,3,1,0
2017-01-03 09:09:50,4200,2,84000.00,22038,364,15308080.000,4205,4206,4190,4180,4220,4180,4203,4208,4209,4210,4211,10,3,3,2,1,4196,4195,4193,4191,4190,1,8,1,3,1,1
2017-01-03 09:09:50,4200,0,0.00,22038,364,15308080.000,4205,4206,4190,4180,4220,4180,4203,4204,4208,4209,4210,3,7,3,3,2,4196,4195,4193,4191,4190,1,8,1,3,1,0
2017-01-03 09:09:57,4200,0,0.00,22038,364,15308080.000,4205,4206,4190,4180,4220,4180,4202,4203,4204,4208,4209,1,3,7,3,3,4196,4195,4193,4191,4190,1,8,1,3,1,0
2017-01-03 09:09:57,4200,2,84000.00,22036,366,15392080.000,4205,4206,4190,4180,4220,4180,4202,4203,4204,4208,4209,2,3,7,3,3,4196,4195,4193,4191,4190,1,8,1,3,1,0
2017-01-03 09:10:00,4202,4,168080.00,22034,370,15560160.000,4205,4206,4190,4180,4220,4180,4203,4205,4208,4209,4210,3,7,3,3,2,4196,4195,4193,4191,4190,1,8,1,3,1,1
2017-01-03 09:10:00,4202,0,0.00,22034,370,15560160.000,4205,4206,4190,4180,4220,4180,4203,4204,4208,4209,4210,3,4,3,3,2,4197,4196,4195,4193,4191,1,1,11,1,3,0
2017-01-03 09:10:11,4202,0,0.00,22034,370,15560160.000,4205,4206,4190,4180,4220,4180,4202,4203,4204,4208,4209,1,3,5,3,3,4197,4196,4195,4193,4191,1,1,11,1,3,1
2017-01-03 09:10:11,4202,0,0.00,22034,370,15560160.000,4205,4206,4190,4180,4220,4180,4202,4203,4204,4208,4209,2,3,5,3,3,4197,4196,4195,4193,4191,1,1,11,1,3,1
2017-01-03 09:10:16,4202,4,168080.00,22034,374,15728240.000,4205,4206,4190,4180,4220,4180,4203,4205,4208,4209,4210,3,5,3,3,2,4197,4196,4195,4193,4191,1,1,11,1,3,0
2017-01-03 09:10:38,4202,0,0.00,22034,374,15728240.000,4205,4206,4190,4180,4220,4180,4203,4208,4209,4210,4211,5,3,3,2,1,4197,4196,4195,4193,4191,1,1,11,1,3,0
2017-01-03 09:10:38,4202,0,0.00,22034,374,15728240.000,4205,4206,4190,4180,4220,4180,4203,4208,4209,4210,4211,5,3,3,2,1,4197,4196,4195,4193,4191,3,1,11,1,3,0
2017-01-03 09:10:38,4202,0,0.00,22034,374,15728240.000,4205,4206,4190,4180,4220,4180,4203,4208,4209,4210,4211,8,3,3,2,1,4197,4196,4195,4193,4191,3,1,11,1,3,0
2017-01-03 09:10:39,4202,0,0.00,22034,374,15728240.000,4205,4206,4190,4180,4220,4180,4202,4203,4208,4209,4210,2,8,3,3,2,4197,4196,4195,4193,4191,3,1,11,1,3,1
2017-01-03 09:10:40,4202,0,0.00,22034,374,15728240.000,4205,4206,4190,4180,4220,4180,4202,4203,4208,4209,4210,7,3,3,3,2,4197,4196,4195,4193,4191,1,1,11,1,3,1
2017-01-03 09:10:42,4202,0,0.00,22034,374,15728240.000,4205,4206,4190,4180,4220,4180,4202,4203,4208,4209,4210,7,3,3,3,2,4200,4199,4197,4196,4195,1,7,1,1,11,1
2017-01-03 09:10:42,4200,2,84000.00,22034,376,15812240.000,4205,4206,4190,4180,4220,4180,4200,4202,4203,4208,4209,2,5,3,3,3,4197,4196,4195,4193,4191,1,1,11,1,3,0
2017-01-03 09:10:42,4200,0,0.00,22034,376,15812240.000,4205,4206,4190,4180,4220,4180,4200,4202,4203,4208,4209,1,5,3,3,3,4197,4196,4195,4193,4191,1,1,11,1,3,1
2017-01-03 09:10:44,4200,0,0.00,22034,376,15812240.000,4205,4206,4190,4180,4220,4180,4203,4208,4209,4210,4212,3,3,3,1,1,4197,4196,4195,4193,4191,1,1,11,1,3,0
2017-01-03 09:10:48,4200,0,0.00,22034,376,15812240.000,4205,4206,4190,4180,4220,4180,4202,4203,4208,4209,4210,5,3,3,3,1,4197,4196,4195,4193,4191,1,1,11,1,3,0
2017-01-03 09:10:49,4200,0,0.00,22034,376,15812240.000,4205,4206,4190,4180,4220,4180,4202,4203,4208,4209,4210,8,3,3,3,1,4197,4196,4195,4193,4191,1,1,11,1,3,0
2017-01-03 09:10:49,4200,0,0.00,22034,376,15812240.000,4205,4206,4190,4180,4220,4180,4202,4203,4208,4209,4210,3,3,3,3,1,4197,4196,4195,4193,4191,1,1,11,1,3,0
2017-01-03 09:10:52,4200,0,0.00,22034,376,15812240.000,4205,4206,4190,4180,4220,4180,4200,4201,4202,4203,4208,1,5,3,3,3,4197,4196,4195,4193,4191,1,1,11,1,3,1
2017-01-03 09:10:52,4200,0,0.00,22034,376,15812240.000,4205,4206,4190,4180,4220,4180,4200,4202,4203,4208,4209,11,3,3,3,3,4197,4196,4195,4193,4191,8,1,11,1,3,1
2017-01-03 09:10:55,4197,6,251820.00,22030,382,16064060.000,4205,4206,4190,4180,4220,4180,4199,4200,4202,4203,4208,1,13,1,3,3,4196,4195,4193,4191,4190,1,11,1,3,1,0
2017-01-03 09:10:56,4197,0,0.00,22030,382,16064060.000,4205,4206,4190,4180,4220,4180,4199,4200,4202,4203,4208,3,1,1,3,3,4196,4195,4193,4191,4190,6,11,1,3,1,0
2017-01-03 09:10:56,4199,2,83980.00,22030,384,16148040.000,4205,4206,4190,4180,4220,4180,4200,4202,4203,4208,4209,13,1,3,3,3,4196,4195,4193,4191,4190,2,11,1,3,1,1
2017-01-03 09:10:56,4199,0,0.00,22030,384,16148040.000,4205,4206,4190,4180,4220,4180,4200,4202,4203,4208,4209,12,1,3,3,3,4196,4195,4193,4191,4190,2,11,1,3,1,0
2017-01-03 09:10:57,4199,0,0.00,22030,384,16148040.000,4205,4206,4190,4180,4220,4180,4200,4202,4203,4208,4209,11,1,3,3,3,4196,4195,4193,4191,4190,2,11,1,3,1,0
2017-01-03 09:10:57,4199,0,0.00,22030,384,16148040.000,4205,4206,4190,4180,4220,4180,4200,4202,4203,4208,4209,12,1,3,3,3,4196,4195,4193,4191,4190,2,11,1,3,1,0
2017-01-03 09:10:57,4199,0,0.00,22030,384,16148040.000,4205,4206,4190,4180,4220,4180,4200,4202,4203,4208,4209,12,1,3,3,3,4196,4195,4193,4191,4190,7,11,1,3,1,0
2017-01-03 09:10:58,4199,0,0.00,22030,384,16148040.000,4205,4206,4190,4180,4220,4180,4200,4202,4203,4208,4209,12,1,3,3,3,4196,4195,4193,4191,4190,2,11,1,3,1,0
2017-01-03 09:10:58,4199,0,0.00,22030,384,16148040.000,4205,4206,4190,4180,4220,4180,4200,4202,4203,4208,4209,13,1,3,3,3,4196,4195,4193,4191,4190,2,11,1,3,1,0
2017-01-03 09:10:58,4199,0,0.00,22030,384,16148040.000,4205,4206,4190,4180,4220,4180,4200,4202,4203,4208,4209,1,1,3,3,3,4196,4195,4193,4191,4190,7,11,1,3,1,0
2017-01-03 09:10:59,4199,0,0.00,22030,384,16148040.000,4205,4206,4190,4180,4220,4180,4200,4202,4203,4208,4209,1,1,3,3,3,4196,4195,4193,4191,4190,6,11,1,3,1,0
2017-01-03 09:11:01,4199,0,0.00,22030,384,16148040.000,4205,4206,4190,4180,4220,4180,4200,4202,4203,4208,4209,13,1,3,3,3,4196,4195,4193,4191,4190,6,11,1,3,1,0
2017-01-03 09:11:01,4199,0,0.00,22030,384,16148040.000,4205,4206,4190,4180,4220,4180,4200,4202,4203,4208,4209,12,1,3,3,3,4196,4195,4193,4191,4190,6,11,1,3,1,0
2017-01-03 09:11:02,4199,0,0.00,22030,384,16148040.000,4205,4206,4190,4180,4220,4180,4200,4202,4203,4208,4209,9,1,3,3,3,4196,4195,4193,4191,4190,6,11,1,3,1,0
2017-01-03 09:11:02,4199,0,0.00,22030,384,16148040.000,4205,4206,4190,4180,4220,4180,4200,4202,4203,4208,4209,10,1,3,3,3,4196,4195,4193,4191,4190,1,11,1,3,1,0
2017-01-03 09:11:02,4199,0,0.00,22030,384,16148040.000,4205,4206,4190,4180,4220,4180,4200,4202,4203,4208,4209,1,1,3,3,3,4196,4195,4193,4191,4190,6,11,1,3,1,0
2017-01-03 09:11:02,4195,52,2181520.00,22008,436,18329560.000,4204,4206,4190,4180,4220,4180,4200,4202,4203,4208,4209,1,1,3,3,3,4193,4191,4190,4189,4188,1,3,1,1,1,0
2017-01-03 09:11:03,4195,0,0.00,22008,436,18329560.000,4204,4206,4190,4180,4220,4180,4200,4202,4203,4208,4209,4,1,3,3,3,4193,4191,4190,4189,4188,1,3,1,1,1,0
2017-01-03 09:11:03,4195,0,0.00,22008,436,18329560.000,4204,4206,4190,4180,4220,4180,4200,4202,4203,4208,4209,1,1,3,3,3,4193,4191,4190,4189,4188,1,3,1,1,1,0
2017-01-03 09:11:03,4195,0,0.00,22008,436,18329560.000,4204,4206,4190,4180,4220,4180,4200,4202,4203,4208,4209,1,1,3,3,3,4193,4191,4190,4189,4188,3,3,1,1,1,0
2017-01-03 09:11:03,4195,0,0.00,22008,436,18329560.000,4204,4206,4190,4180,4220,4180,4202,4203,4208,4209,4210,1,3,3,3,1,4193,4191,4190,4189,4188,3,3,1,1,1,0
2017-01-03 09:11:04,4195,0,0.00,22008,436,18329560.000,4204,4206,4190,4180,4220,4180,4197,4202,4203,4208,4209,5,1,3,3,3,4193,4191,4190,4189,4188,1,3,1,1,1,0
2017-01-03 09:11:04,4195,0,0.00,22008,436,18329560.000,4204,4206,4190,4180,4220,4180,4197,4198,4202,4203,4208,5,3,1,3,3,4193,4191,4190,4189,4188,3,3,1,1,1,0
2017-01-03 09:11:04,4195,0,0.00,22008,436,18329560.000,4204,4206,4190,4180,4220,4180,4197,4198,4202,4203,4208,2,3,1,3,3,4193,4191,4190,4189,4188,3,3,1,1,1,0
2017-01-03 09:11:05,4195,0,0.00,22008,436,18329560.000,4204,4206,4190,4180,4220,4180,4197,4198,4202,4203,4208,6,3,1,3,3,4193,4191,4190,4189,4188,1,3,1,1,1,0
2017-01-03 09:11:05,4195,0,0.00,22008,436,18329560.000,4204,4206,4190,4180,4220,4180,4197,4198,4202,4203,4206,6,3,1,3,10,4193,4191,4190,4189,4188,3,3,1,1,1,0
2017-01-03 09:11:05,4195,0,0.00,22008,436,18329560.000,4204,4206,4190,4180,4220,4180,4197,4198,4202,4203,4206,2,3,1,3,10,4193,4191,4190,4189,4188,3,3,1,1,1,0
2017-01-03 09:11:05,4195,0,0.00,22008,436,18329560.000,4204,4206,4190,4180,4220,4180,4197,4198,4202,4203,4206,6,3,1,3,10,4193,4191,4190,4189,4188,3,3,1,1,1,0
2017-01-03 09:11:06,4195,0,0.00,22008,436,18329560.000,4204,4206,4190,4180,4220,4180,4197,4198,4202,4203,4206,2,3,1,3,10,4193,4191,4190,4189,4188,3,3,1,1,1,0
2017-01-03 09:11:10,4195,0,0.00,22008,436,18329560.000,4204,4206,4190,4180,4220,4180,4197,4198,4202,4203,4206,2,3,1,3,10,4193,4192,4191,4190,4188,1,2,3,1,1,0
2017-01-03 09:11:12,4196,4,167840.00,22010,440,18497400.000,4203,4206,4190,4180,4220,4180,4197,4198,4202,4203,4206,2,3,1,3,10,4193,4191,4190,4188,4187,2,3,1,1,3,1
2017-01-03 09:11:13,4196,0,0.00,22010,440,18497400.000,4203,4206,4190,4180,4220,4180,4197,4198,4202,4203,4206,2,3,1,3,10,4193,4191,4190,4188,4187,3,3,1,1,3,0
2017-01-03 09:11:14,4196,0,0.00,22010,440,18497400.000,4203,4206,4190,4180,4220,4180,4197,4198,4202,4203,4206,4,3,1,3,10,4193,4191,4190,4188,4187,4,3,1,1,3,0
2017-01-03 09:11:14,4196,0,0.00,22010,440,18497400.000,4203,4206,4190,4180,4220,4180,4197,4198,4202,4203,4206,2,3,1,3,10,4193,4191,4190,4188,4187,5,3,1,1,3,0
2017-01-03 09:11:14,4196,0,0.00,22010,440,18497400.000,4203,4206,4190,4180,4220,4180,4197,4198,4202,4203,4206,4,3,1,3,10,4193,4191,4190,4188,4187,4,3,1,1,3,0
2017-01-03 09:11:14,4196,0,0.00,22010,440,18497400.000,4203,4206,4190,4180,4220,4180,4197,4198,4202,4203,4206,2,3,1,3,10,4193,4191,4190,4188,4187,4,3,1,1,3,0
2017-01-03 09:11:15,4196,0,0.00,22010,440,18497400.000,4203,4206,4190,4180,4220,4180,4197,4198,4202,4203,4206,2,3,1,3,10,4193,4191,4190,4188,4187,5,3,1,1,3,0
2017-01-03 09:11:15,4196,0,0.00,22010,440,18497400.000,4203,4206,4190,4180,4220,4180,4197,4198,4202,4203,4206,2,3,1,3,10,4193,4191,4190,4188,4187,6,3,1,1,3,0
2017-01-03 09:11:15,4196,0,0.00,22010,440,18497400.000,4203,4206,4190,4180,4220,4180,4197,4198,4202,4203,4206,2,3,1,3,10,4193,4191,4190,4188,4187,5,3,1,1,3,0
2017-01-03 09:11:16,4196,0,0.00,22010,440,18497400.000,4203,4206,4190,4180,4220,4180,4197,4198,4202,4203,4206,2,3,1,3,10,4193,4191,4190,4188,4187,6,3,1,1,3,0
2017-01-03 09:11:17,4196,0,0.00,22010,440,18497400.000,4203,4206,4190,4180,4220,4180,4197,4198,4202,4203,4206,4,3,1,3,10,4193,4191,4190,4188,4187,2,3,1,1,3,0
2017-01-03 09:11:21,4196,0,0.00,22010,440,18497400.000,4203,4206,4190,4180,4220,4180,4197,4198,4202,4203,4206,4,3,1,3,10,4195,4194,4193,4191,4190,1,4,2,3,1,0
2017-01-03 09:11:21,4196,0,0.00,22010,440,18497400.000,4203,4206,4190,4180,4220,4180,4196,4197,4198,4202,4203,2,4,3,1,3,4195,4194,4193,4191,4190,1,4,2,3,1,1
2017-01-03 09:11:21,4196,2,83920.00,22010,442,18581320.000,4203,4206,4190,4180,4220,4180,4196,4197,4198,4202,4203,1,4,3,1,3,4195,4194,4193,4191,4190,1,4,2,3,1,1
2017-01-03 09:11:24,4196,0,0.00,22010,442,18581320.000,4203,4206,4190,4180,4220,4180,4197,4198,4202,4203,4206,4,3,1,3,10,4195,4194,4193,4191,4190,1,4,2,3,1,0
2017-01-03 09:11:25,4196,0,0.00,22010,442,18581320.000,4203,4206,4190,4180,4220,4180,4197,4198,4202,4203,4206,1,5,1,3,10,4195,4193,4191,4190,4188,5,2,3,1,1,0
2017-01-03 09:11:26,4196,0,0.00,22010,442,18581320.000,4203,4206,4190,4180,4220,4180,4197,4198,4202,4203,4206,1,5,1,3,10,4195,4193,4191,4190,4188,6,2,3,1,1,0
2017-01-03 09:11:28,4196,0,0.00,22010,442,18581320.000,4203,4206,4190,4180,4220,4180,4197,4198,4199,4202,4203,1,3,2,1,3,4195,4193,4191,4190,4188,2,2,3,1,1,0
2017-01-03 09:11:29,4197,2,83940.00,22008,444,18665260.000,4203,4206,4190,4180,4220,4180,4198,4200,4202,4203,4206,3,2,1,3,10,4195,4193,4191,4190,4188,2,2,3,1,1,1
2017-01-03 09:11:30,4197,0,0.00,22008,444,18665260.000,4203,4206,4190,4180,4220,4180,4202,4203,4206,4208,4209,1,3,10,13,3,4195,4193,4191,4190,4188,2,2,3,2,1,0
2017-01-03 09:11:35,4197,0,0.00,22008,444,18665260.000,4203,4206,4190,4180,4220,4180,4202,4203,4208,4209,4210,1,3,3,3,1,4197,4196,4195,4193,4191,5,4,2,2,3,0
2017-01-03 09:11:35,4197,0,0.00,22008,444,18665260.000,4203,4206,4190,4180,4220,4180,4199,4202,4203,4208,4209,3,1,3,3,3,4197,4196,4195,4193,4191,5,4,2,2,3,0
2017-01-03 09:11:36,4197,0,0.00,22008,444,18665260.000,4203,4206,4190,4180,4220,4180,4199,4202,4203,4208,4209,4,1,3,3,3,4197,4196,4195,4193,4191,5,4,2,2,3,0
2017-01-03 09:11:39,4197,0,0.00,22008,444,18665260.000,4203,4206,4190,4180,4220,4180,4199,4202,4203,4208,4209,3,1,3,3,3,4197,4196,4195,4193,4191,5,4,2,2,3,0
2017-01-03 09:11:40,4197,0,0.00,22008,444,18665260.000,4203,4206,4190,4180,4220,4180,4199,4202,4203,4208,4209,3,1,3,3,3,4197,4196,4195,4193,4191,6,4,2,2,3,0
2017-01-03 09:11:42,4197,0,0.00,22008,444,18665260.000,4203,4206,4190,4180,4220,4180,4199,4202,4203,4208,4209,3,1,3,3,3,4197,4196,4195,4193,4191,5,4,2,2,3,0
2017-01-03 09:11:43,4197,0,0.00,22008,444,18665260.000,4203,4206,4190,4180,4220,4180,4199,4202,4203,4208,4209,3,1,3,3,3,4197,4196,4195,4193,4191,6,4,2,2,3,0
2017-01-03 09:11:45,4197,0,0.00,22008,444,18665260.000,4203,4206,4190,4180,4220,4180,4199,4202,4203,4208,4209,3,1,3,3,3,4197,4196,4195,4193,4191,5,4,2,2,3,0
2017-01-03 09:11:48,4197,0,0.00,22008,444,18665260.000,4203,4206,4190,4180,4220,4180,4199,4202,4203,4208,4209,3,1,3,3,3,4197,4196,4195,4193,4191,6,4,2,2,3,0
2017-01-03 09:11:49,4197,0,0.00,22008,444,18665260.000,4203,4206,4190,4180,4220,4180,4199,4202,4203,4208,4209,3,1,3,3,3,4197,4196,4195,4193,4191,5,4,2,2,3,0
2017-01-03 09:11:50,4197,0,0.00,22008,444,18665260.000,4203,4206,4190,4180,4220,4180,4199,4202,4203,4208,4209,3,1,3,3,3,4197,4196,4195,4193,4191,6,4,2,2,3,0
2017-01-03 09:11:50,4197,0,0.00,22008,444,18665260.000,4203,4206,4190,4180,4220,4180,4199,4202,4203,4208,4209,3,1,3,3,3,4197,4196,4195,4193,4191,5,4,2,2,3,0
2017-01-03 09:11:58,4197,0,0.00,22008,444,18665260.000,4203,4206,4190,4180,4220,4180,4199,4202,4203,4208,4209,2,1,3,3,3,4197,4195,4193,4191,4190,5,6,2,3,2,0
2017-01-03 09:12:01,4197,0,0.00,22008,444,18665260.000,4203,4206,4190,4180,4220,4180,4199,4202,4203,4208,4209,4,1,3,3,3,4197,4195,4193,4191,4190,5,6,2,3,2,0
2017-01-03 09:12:04,4197,0,0.00,22008,444,18665260.000,4203,4206,4190,4180,4220,4180,4199,4202,4203,4208,4209,4,1,3,3,3,4197,4195,4193,4191,4190,6,6,2,3,2,0
2017-01-03 09:12:06,4197,0,0.00,22008,444,18665260.000,4203,4206,4190,4180,4220,4180,4199,4200,4202,4203,4208,2,2,1,3,3,4197,4195,4193,4191,4190,10,2,2,3,2,0
2017-01-03 09:12:06,4197,0,0.00,22008,444,18665260.000,4203,4206,4190,4180,4220,4180,4199,4200,4202,4203,4208,1,2,1,3,3,4197,4195,4193,4191,4190,8,2,2,3,2,0
2017-01-03 09:12:07,4197,0,0.00,22008,444,18665260.000,4203,4206,4190,4180,4220,4180,4199,4200,4202,4203,4208,1,2,1,3,3,4197,4195,4193,4191,4190,9,2,2,3,2,0
2017-01-03 09:12:07,4197,0,0.00,22008,444,18665260.000,4203,4206,4190,4180,4220,4180,4199,4200,4202,4203,4208,1,2,1,3,3,4197,4195,4193,4191,4190,8,2,2,3,2,0
2017-01-03 09:12:07,4197,0,0.00,22008,444,18665260.000,4203,4206,4190,4180,4220,4180,4199,4200,4202,4203,4208,1,2,1,3,3,4197,4196,4195,4193,4191,6,4,2,2,3,0
2017-01-03 09:12:09,4197,0,0.00,22008,444,18665260.000,4203,4206,4190,4180,4220,4180,4199,4200,4202,4203,4208,1,2,1,3,3,4197,4195,4193,4191,4190,10,2,2,3,2,0
2017-01-03 09:12:10,4197,0,0.00,22008,444,18665260.000,4203,4206,4190,4180,4220,4180,4199,4200,4202,4203,4208,1,2,1,3,3,4197,4195,4193,4191,4190,8,2,2,3,2,0
2017-01-03 09:12:11,4197,0,0.00,22008,444,18665260.000,4203,4206,4190,4180,4220,4180,4199,4200,4202,4203,4208,1,2,1,3,3,4197,4195,4193,4191,4190,10,2,2,3,2,0
2017-01-03 09:12:12,4197,0,0.00,22008,444,18665260.000,4203,4206,4190,4180,4220,4180,4199,4200,4202,4203,4208,1,2,1,3,3,4197,4195,4193,4191,4190,9,2,2,3,2,0
2017-01-03 09:12:12,4197,0,0.00,22008,444,18665260.000,4203,4206,4190,4180,4220,4180,4199,4202,4203,4208,4209,3,1,3,3,3,4197,4196,4195,4193,4191,6,4,2,2,3,0
2017-01-03 09:12:12,4197,0,0.00,22008,444,18665260.000,4203,4206,4190,4180,4220,4180,4199,4200,4202,4203,4208,1,2,1,3,3,4197,4196,4195,4193,4191,6,4,2,2,3,0
2017-01-03 09:12:13,4197,0,0.00,22008,444,18665260.000,4203,4206,4190,4180,4220,4180,4199,4202,4203,4208,4209,2,1,3,3,3,4197,4196,4195,4193,4191,6,4,2,2,3,0
2017-01-03 09:12:13,4197,0,0.00,22008,444,18665260.000,4203,4206,4190,4180,4220,4180,4199,4200,4202,4203,4208,1,2,1,3,3,4197,4196,4195,4193,4191,6,4,1,2,3,0
2017-01-03 09:12:14,4197,0,0.00,22008,444,18665260.000,4203,4206,4190,4180,4220,4180,4199,4200,4202,4203,4208,1,2,1,3,3,4197,4195,4193,4191,4190,8,1,2,3,2,0
2017-01-03 09:12:14,4197,0,0.00,22008,444,18665260.000,4203,4206,4190,4180,4220,4180,4199,4200,4202,4203,4208,1,2,1,3,3,4197,4195,4193,4191,4190,7,1,2,3,2,0
2017-01-03 09:12:15,4197,0,0.00,22008,444,18665260.000,4203,4206,4190,4180,4220,4180,4199,4200,4202,4203,4208,1,2,1,3,3,4197,4195,4193,4191,4190,10,1,2,3,2,0
2017-01-03 09:12:16,4197,0,0.00,22008,444,18665260.000,4203,4206,4190,4180,4220,4180,4199,4201,4202,4203,4208,1,2,1,3,3,4197,4195,4193,4191,4190,6,1,2,3,2,0
2017-01-03 09:12:16,4197,0,0.00,22008,444,18665260.000,4203,4206,4190,4180,4220,4180,4199,4200,4202,4203,4208,1,2,1,3,3,4197,4195,4193,4191,4190,10,1,2,3,2,0
2017-01-03 09:12:18,4197,0,0.00,22008,444,18665260.000,4203,4206,4190,4180,4220,4180,4199,4201,4202,4203,4208,1,2,1,3,3,4197,4195,4193,4191,4190,6,1,2,3,2,0
2017-01-03 09:12:23,4199,2,83980.00,22008,446,18749240.000,4203,4206,4190,4180,4220,4180,4202,4203,4208,4209,4210,1,3,3,3,1,4197,4195,4193,4191,4190,6,4,2,3,2,1
2017-01-03 09:12:23,4199,0,0.00,22008,446,18749240.000,4203,4206,4190,4180,4220,4180,4202,4203,4208,4209,4210,1,3,3,3,1,4198,4197,4195,4193,4191,4,6,4,2,3,0
2017-01-03 09:12:24,4199,0,0.00,22008,446,18749240.000,4203,4206,4190,4180,4220,4180,4202,4203,4208,4209,4210,1,3,3,3,1,4198,4197,4195,4193,4191,5,6,4,2,3,0
2017-01-03 09:12:24,4199,0,0.00,22008,446,18749240.000,4203,4206,4190,4180,4220,4180,4202,4203,4208,4209,4210,1,3,3,3,1,4198,4197,4195,4193,4191,2,9,4,2,3,0
2017-01-03 09:12:24,4199,0,0.00,22008,446,18749240.000,4203,4206,4190,4180,4220,4180,4202,4203,4208,4209,4210,1,3,3,3,1,4198,4197,4195,4193,4191,5,6,4,2,3,0
2017-01-03 09:12:26,4199,0,0.00,22008,446,18749240.000,4203,4206,4190,4180,4220,4180,4202,4203,4208,4209,4210,1,3,3,3,1,4198,4197,4195,4193,4191,2,9,4,2,3,0
2017-01-03 09:12:27,4199,0,0.00,22008,446,18749240.000,4203,4206,4190,4180,4220,4180,4202,4203,4208,4209,4210,1,3,3,3,1,4198,4197,4195,4193,4191,5,6,4,2,3,0
2017-01-03 09:12:28,4199,0,0.00,22008,446,18749240.000,4203,4206,4190,4180,4220,4180,4202,4203,4208,4209,4210,1,3,3,3,1,4198,4197,4195,4193,4191,2,9,4,2,3,0
2017-01-03 09:12:32,4199,0,0.00,22008,446,18749240.000,4203,4206,4190,4180,4220,4180,4202,4203,4208,4209,4210,1,3,3,3,1,4198,4197,4195,4193,4191,5,6,4,2,3,0
2017-01-03 09:12:50,4199,0,0.00,22008,446,18749240.000,4203,4206,4190,4180,4220,4180,4202,4203,4208,4209,4210,4,3,3,3,1,4198,4197,4195,4193,4191,5,6,4,2,3,0
2017-01-03 09:12:53,4199,0,0.00,22008,446,18749240.000,4203,4206,4190,4180,4220,4180,4202,4203,4208,4209,4210,4,3,3,3,1,4198,4197,4195,4193,4191,2,6,4,2,3,0
2017-01-03 09:12:55,4199,0,0.00,22008,446,18749240.000,4203,4206,4190,4180,4220,4180,4202,4203,4208,4209,4210,1,6,3,3,1,4198,4197,4195,4193,4191,2,6,4,2,3,0
2017-01-03 09:12:56,4199,0,0.00,22008,446,18749240.000,4203,4206,4190,4180,4220,4180,4202,4203,4208,4209,4210,3,3,3,3,1,4198,4197,4195,4193,4191,2,6,4,2,3,0
2017-01-03 09:12:57,4199,0,0.00,22008,446,18749240.000,4203,4206,4190,4180,4220,4180,4202,4203,4208,4209,4210,1,6,3,3,1,4198,4197,4195,4193,4191,2,6,4,2,3,0
2017-01-03 09:12:59,4199,0,0.00,22008,446,18749240.000,4203,4206,4190,4180,4220,4180,4202,4203,4208,4209,4210,4,3,3,3,1,4198,4197,4195,4193,4191,2,6,4,2,3,0
2017-01-03 09:13:00,4199,0,0.00,22008,446,18749240.000,4203,4206,4190,4180,4220,4180,4202,4203,4208,4209,4210,1,3,3,3,1,4198,4197,4195,4193,4191,4,6,4,2,3,0
2017-01-03 09:13:06,4199,0,0.00,22008,446,18749240.000,4203,4206,4190,4180,4220,4180,4202,4203,4208,4209,4210,1,3,3,3,1,4198,4197,4195,4193,4191,1,9,4,2,3,0
2017-01-03 09:13:06,4199,0,0.00,22008,446,18749240.000,4203,4206,4190,4180,4220,4180,4201,4202,4203,4208,4209,1,1,3,3,3,4198,4197,4195,4193,4191,1,9,4,2,3,0
2017-01-03 09:13:07,4199,0,0.00,22008,446,18749240.000,4203,4206,4190,4180,4220,4180,4201,4202,4203,4208,4209,4,1,3,3,3,4198,4197,4195,4193,4191,4,6,4,2,3,0
2017-01-03 09:13:08,4199,0,0.00,22008,446,18749240.000,4203,4206,4190,4180,4220,4180,4201,4202,4203,4208,4209,1,1,3,3,3,4198,4197,4195,4193,4191,1,9,4,2,3,0
2017-01-03 09:13:08,4199,0,0.00,22008,446,18749240.000,4203,4206,4190,4180,4220,4180,4201,4202,4203,4208,4209,4,1,3,3,3,4198,4197,4195,4193,4191,1,9,4,2,3,0
2017-01-03 09:13:10,4199,0,0.00,22008,446,18749240.000,4203,4206,4190,4180,4220,4180,4201,4202,4203,4208,4209,4,1,3,3,3,4198,4197,4195,4193,4191,2,6,4,2,3,0
2017-01-03 09:13:11,4199,0,0.00,22008,446,18749240.000,4203,4206,4190,4180,4220,4180,4201,4202,4203,4208,4209,4,1,3,3,3,4198,4197,4195,4193,4191,1,9,4,2,3,0
2017-01-03 09:13:12,4199,0,0.00,22008,446,18749240.000,4203,4206,4190,4180,4220,4180,4201,4202,4203,4208,4209,4,1,3,3,3,4198,4197,4195,4193,4191,2,6,4,2,3,0
2017-01-03 09:13:12,4199,0,0.00,22008,446,18749240.000,4203,4206,4190,4180,4220,4180,4201,4202,4203,4208,4209,4,1,3,3,3,4198,4197,4195,4193,4191,1,9,4,2,3,0
2017-01-03 09:13:13,4199,0,0.00,22008,446,18749240.000,4203,4206,4190,4180,4220,4180,4201,4202,4203,4208,4209,4,1,3,3,3,4197,4195,4193,4191,4190,9,4,2,3,2,0
2017-01-03 09:13:14,4199,0,0.00,22008,446,18749240.000,4203,4206,4190,4180,4220,4180,4201,4202,4203,4208,4209,1,1,3,3,3,4197,4195,4193,4191,4190,9,4,2,3,2,0
2017-01-03 09:13:15,4199,0,0.00,22008,446,18749240.000,4203,4206,4190,4180,4220,4180,4201,4202,4203,4208,4209,1,1,3,3,3,4197,4195,4193,4191,4190,8,4,2,3,2,0
2017-01-03 09:13:16,4199,0,0.00,22008,446,18749240.000,4203,4206,4190,4180,4220,4180,4201,4202,4203,4208,4209,4,1,3,3,3,4197,4195,4193,4191,4190,8,4,2,3,2,0
2017-01-03 09:13:16,4199,0,0.00,22008,446,18749240.000,4203,4206,4190,4180,4220,4180,4201,4202,4203,4208,4209,1,1,3,3,3,4197,4195,4193,4191,4190,8,4,2,3,2,0
2017-01-03 09:13:26,4199,0,0.00,22008,446,18749240.000,4203,4206,4190,4180,4220,4180,4201,4202,4203,4208,4209,4,1,3,3,3,4197,4195,4193,4191,4190,8,4,2,3,2,0
2017-01-03 09:13:26,4199,0,0.00,22008,446,18749240.000,4203,4206,4190,4180,4220,4180,4201,4202,4203,4208,4209,1,1,3,3,3,4197,4195,4193,4191,4190,8,4,2,3,2,0
2017-01-03 09:13:29,4199,0,0.00,22008,446,18749240.000,4203,4206,4190,4180,4220,4180,4201,4202,4203,4208,4209,1,1,3,3,3,4197,4195,4193,4191,4190,6,4,2,3,2,0
2017-01-03 09:13:29,4199,0,0.00,22008,446,18749240.000,4203,4206,4190,4180,4220,4180,4201,4202,4203,4208,4209,1,1,3,3,3,4197,4196,4195,4193,4191,5,3,4,2,3,0
2017-01-03 09:13:30,4199,0,0.00,22008,446,18749240.000,4203,4206,4190,4180,4220,4180,4201,4202,4203,4208,4209,1,1,3,3,3,4197,4195,4193,4191,4190,8,4,2,3,2,0
2017-01-03 09:13:30,4199,0,0.00,22008,446,18749240.000,4203,4206,4190,4180,4220,4180,4201,4202,4203,4208,4209,1,1,3,3,3,4197,4196,4195,4193,4191,5,3,4,2,3,0
2017-01-03 09:13:35,4199,0,0.00,22008,446,18749240.000,4203,4206,4190,4180,4220,4180,4201,4202,4203,4208,4209,1,1,3,3,3,4197,4196,4195,4193,4191,6,2,4,2,3,0
